[{"model": "contenttypes.contenttype", "pk": 1, "fields": {"app_label": "admin", "model": "logentry"}}, {"model": "contenttypes.contenttype", "pk": 2, "fields": {"app_label": "auth", "model": "permission"}}, {"model": "contenttypes.contenttype", "pk": 3, "fields": {"app_label": "auth", "model": "group"}}, {"model": "contenttypes.contenttype", "pk": 4, "fields": {"app_label": "auth", "model": "user"}}, {"model": "contenttypes.contenttype", "pk": 5, "fields": {"app_label": "contenttypes", "model": "contenttype"}}, {"model": "contenttypes.contenttype", "pk": 6, "fields": {"app_label": "sessions", "model": "session"}}, {"model": "contenttypes.contenttype", "pk": 7, "fields": {"app_label": "sites", "model": "site"}}, {"model": "contenttypes.contenttype", "pk": 8, "fields": {"app_label": "authtoken", "model": "token"}}, {"model": "contenttypes.contenttype", "pk": 9, "fields": {"app_label": "account", "model": "account"}}, {"model": "contenttypes.contenttype", "pk": 10, "fields": {"app_label": "account", "model": "signupcode"}}, {"model": "contenttypes.contenttype", "pk": 11, "fields": {"app_label": "account", "model": "signupcoderesult"}}, {"model": "contenttypes.contenttype", "pk": 12, "fields": {"app_label": "account", "model": "emailaddress"}}, {"model": "contenttypes.contenttype", "pk": 13, "fields": {"app_label": "account", "model": "emailconfirmation"}}, {"model": "contenttypes.contenttype", "pk": 14, "fields": {"app_label": "account", "model": "accountdeletion"}}, {"model": "contenttypes.contenttype", "pk": 15, "fields": {"app_label": "eventlog", "model": "log"}}, {"model": "contenttypes.contenttype", "pk": 16, "fields": {"app_label": "qchain", "model": "agent"}}, {"model": "contenttypes.contenttype", "pk": 17, "fields": {"app_label": "qchain", "model": "website"}}, {"model": "contenttypes.contenttype", "pk": 18, "fields": {"app_label": "qchain", "model": "adspace"}}, {"model": "contenttypes.contenttype", "pk": 19, "fields": {"app_label": "qchain", "model": "ad"}}, {"model": "contenttypes.contenttype", "pk": 20, "fields": {"app_label": "qchain", "model": "contract"}}, {"model": "contenttypes.contenttype", "pk": 21, "fields": {"app_label": "qchain", "model": "stat"}}, {"model": "contenttypes.contenttype", "pk": 22, "fields": {"app_label": "qchain", "model": "requestforadv"}}, {"model": "contenttypes.contenttype", "pk": 23, "fields": {"app_label": "qchain", "model": "adlisting"}}, {"model": "sessions.session", "pk": "fqepixhpjouqehfxkap7l14t4s1fjebt", "fields": {"session_data": "MmMyMmMzY2VjOTdhZTQ2MzIwNzdhYTM1MDA2NGU4ZGRjMGEwNzY1Mjp7Il9zZXNzaW9uX2V4cGlyeSI6MCwiX2F1dGhfdXNlcl9oYXNoIjoiMDdjYTI0YTFkZDdkOGExNzc0ZmYyMzlmZmFkMWUwODExN2Q0YjE2ZiIsIl9hdXRoX3VzZXJfYmFja2VuZCI6ImFjY291bnQuYXV0aF9iYWNrZW5kcy5Vc2VybmFtZUF1dGhlbnRpY2F0aW9uQmFja2VuZCIsIl9hdXRoX3VzZXJfaWQiOiIxIn0=", "expire_date": "2017-10-13T14:37:25.470Z"}}, {"model": "sessions.session", "pk": "hogiif9sgk1qac4wyc13i4c0l0mw6gyn", "fields": {"session_data": "MmMyMmMzY2VjOTdhZTQ2MzIwNzdhYTM1MDA2NGU4ZGRjMGEwNzY1Mjp7Il9zZXNzaW9uX2V4cGlyeSI6MCwiX2F1dGhfdXNlcl9oYXNoIjoiMDdjYTI0YTFkZDdkOGExNzc0ZmYyMzlmZmFkMWUwODExN2Q0YjE2ZiIsIl9hdXRoX3VzZXJfYmFja2VuZCI6ImFjY291bnQuYXV0aF9iYWNrZW5kcy5Vc2VybmFtZUF1dGhlbnRpY2F0aW9uQmFja2VuZCIsIl9hdXRoX3VzZXJfaWQiOiIxIn0=", "expire_date": "2017-09-11T20:13:33.938Z"}}, {"model": "sessions.session", "pk": "ve2148cda4261figegz4twl9z808eqkd", "fields": {"session_data": "MmMyMmMzY2VjOTdhZTQ2MzIwNzdhYTM1MDA2NGU4ZGRjMGEwNzY1Mjp7Il9zZXNzaW9uX2V4cGlyeSI6MCwiX2F1dGhfdXNlcl9oYXNoIjoiMDdjYTI0YTFkZDdkOGExNzc0ZmYyMzlmZmFkMWUwODExN2Q0YjE2ZiIsIl9hdXRoX3VzZXJfYmFja2VuZCI6ImFjY291bnQuYXV0aF9iYWNrZW5kcy5Vc2VybmFtZUF1dGhlbnRpY2F0aW9uQmFja2VuZCIsIl9hdXRoX3VzZXJfaWQiOiIxIn0=", "expire_date": "2017-09-13T14:12:18.621Z"}}, {"model": "sessions.session", "pk": "x9ai43edt99pat18h45absta0mssv2oq", "fields": {"session_data": "ZDlkMTRmZDRiODQxMTNkZTc1MDU4MWFiNmVjMjRjMjhmYzZjMzZlNjp7Il9hdXRoX3VzZXJfaGFzaCI6ImM1MWFlY2QzOGMzNGI2NjAwOTYzMTQwYzhiZWRjODEyMWFiNThhNmUiLCJfYXV0aF91c2VyX2JhY2tlbmQiOiJhY2NvdW50LmF1dGhfYmFja2VuZHMuVXNlcm5hbWVBdXRoZW50aWNhdGlvbkJhY2tlbmQiLCJfYXV0aF91c2VyX2lkIjoiMyJ9", "expire_date": "2017-08-27T17:52:09.298Z"}}, {"model": "sites.site", "pk": 1, "fields": {"domain": "example.com", "name": "example.com"}}, {"model": "qchain.contract", "pk": 16, "fields": {"ad": 2, "adspace": 3, "name": "Cont for AdForHL4 on AdSpaceNo10", "start_time": "2017-06-25T05:05:05.000Z", "end_time": "2017-07-25T05:05:05.000Z", "active": true, "currency": "xqc", "payout_cap": "4.91002523"}}, {"model": "qchain.contract", "pk": 17, "fields": {"ad": 11, "adspace": 7, "name": "Cont for AdNo18 on AdSpaceNo14", "start_time": "2017-06-27T05:05:05.000Z", "end_time": "2017-07-27T05:05:05.000Z", "active": true, "currency": "eqc", "payout_cap": "2.25424806"}}, {"model": "qchain.contract", "pk": 18, "fields": {"ad": 6, "adspace": 2, "name": "Cont for AdNo13 on Left Banner on AdGoesHere.com", "start_time": "2017-06-25T05:05:05.000Z", "end_time": "2017-07-25T05:05:05.000Z", "active": true, "currency": "eqc", "payout_cap": "1.33619242"}}, {"model": "qchain.contract", "pk": 19, "fields": {"ad": 10, "adspace": 10, "name": "Cont for AdNo17 on AdSpaceNo17", "start_time": "2017-06-23T05:05:05.000Z", "end_time": "2017-07-23T05:05:05.000Z", "active": true, "currency": "xqc", "payout_cap": "3.67648335"}}, {"model": "qchain.contract", "pk": 20, "fields": {"ad": 1, "adspace": 7, "name": "Cont for AdForHL3 on AdSpaceNo14", "start_time": "2017-06-27T05:05:05.000Z", "end_time": "2017-07-27T05:05:05.000Z", "active": true, "currency": "xqc", "payout_cap": "1.38984751"}}, {"model": "qchain.contract", "pk": 21, "fields": {"ad": 4, "adspace": 4, "name": "Cont for AdNo11 on AdSpaceNo11", "start_time": "2017-06-29T05:05:05.000Z", "end_time": "2017-07-29T05:05:05.000Z", "active": true, "currency": "eqc", "payout_cap": "7.75337067"}}, {"model": "qchain.contract", "pk": 22, "fields": {"ad": 8, "adspace": 7, "name": "Cont for AdNo15 on AdSpaceNo14", "start_time": "2017-06-23T05:05:05.000Z", "end_time": "2017-07-23T05:05:05.000Z", "active": true, "currency": "xqc", "payout_cap": "1.15689184"}}, {"model": "qchain.contract", "pk": 23, "fields": {"ad": 5, "adspace": 1, "name": "Cont for AdNo12 on Right Banner on AdGoesHere.com", "start_time": "2017-06-23T05:05:05.000Z", "end_time": "2017-07-23T05:05:05.000Z", "active": true, "currency": "eqc", "payout_cap": "2.62184375"}}, {"model": "qchain.contract", "pk": 24, "fields": {"ad": 5, "adspace": 12, "name": "Cont for AdNo12 on AdSpaceNo19", "start_time": "2017-06-25T05:05:05.000Z", "end_time": "2017-07-25T05:05:05.000Z", "active": true, "currency": "xqc", "payout_cap": "5.90193861"}}, {"model": "qchain.contract", "pk": 25, "fields": {"ad": 1, "adspace": 3, "name": "Cont for AdForHL3 on AdSpaceNo10", "start_time": "2017-06-24T05:05:05.000Z", "end_time": "2017-07-24T05:05:05.000Z", "active": true, "currency": "eqc", "payout_cap": "9.02022546"}}, {"model": "qchain.contract", "pk": 26, "fields": {"ad": 13, "adspace": 13, "name": "Cont for PubAdNo10 on AdvAdSpaceNo10", "start_time": "2017-06-24T05:05:05.000Z", "end_time": "2017-08-24T05:05:05.000Z", "active": true, "currency": "eqc", "payout_cap": "2.51892604"}}, {"model": "qchain.contract", "pk": 27, "fields": {"ad": 14, "adspace": 15, "name": "Cont for PubAdNo11 on AdvAdSpaceNo12", "start_time": "2017-06-23T05:05:05.000Z", "end_time": "2017-08-23T05:05:05.000Z", "active": true, "currency": "eqc", "payout_cap": "3.34248303"}}, {"model": "qchain.contract", "pk": 28, "fields": {"ad": 15, "adspace": 13, "name": "Cont for PubAdNo12 on AdvAdSpaceNo10", "start_time": "2017-06-24T05:05:05.000Z", "end_time": "2017-08-24T05:05:05.000Z", "active": true, "currency": "eqc", "payout_cap": "6.73788917"}}, {"model": "qchain.contract", "pk": 29, "fields": {"ad": 14, "adspace": 14, "name": "Cont for PubAdNo11 on AdvAdSpaceNo11", "start_time": "2017-06-26T05:05:05.000Z", "end_time": "2017-08-26T05:05:05.000Z", "active": true, "currency": "xqc", "payout_cap": "9.97710063"}}, {"model": "qchain.contract", "pk": 30, "fields": {"ad": 13, "adspace": 14, "name": "Cont for PubAdNo10 on AdvAdSpaceNo11", "start_time": "2017-06-27T05:05:05.000Z", "end_time": "2017-08-27T05:05:05.000Z", "active": true, "currency": "eqc", "payout_cap": "2.15567466"}}, {"model": "qchain.contract", "pk": 31, "fields": {"ad": 14, "adspace": 14, "name": "Cont for PubAdNo11 on AdvAdSpaceNo11", "start_time": "2017-06-24T05:05:05.000Z", "end_time": "2017-08-24T05:05:05.000Z", "active": true, "currency": "eqc", "payout_cap": "1.86066137"}}, {"model": "qchain.stat", "pk": 302, "fields": {"stat_date": "2017-07-01", "impressions": 2614, "clicks": 526, "rpm": "1.52446154", "revenue": "2.04251126", "contract": []}}, {"model": "qchain.stat", "pk": 303, "fields": {"stat_date": "2017-07-01", "impressions": 2151, "clicks": 656, "rpm": "1.23528612", "revenue": "4.60059153", "contract": [16]}}, {"model": "qchain.stat", "pk": 304, "fields": {"stat_date": "2017-07-02", "impressions": 4459, "clicks": 822, "rpm": "3.24659899", "revenue": "2.50432049", "contract": [16]}}, {"model": "qchain.stat", "pk": 305, "fields": {"stat_date": "2017-07-03", "impressions": 2393, "clicks": 882, "rpm": "3.23581183", "revenue": "2.44735524", "contract": [16]}}, {"model": "qchain.stat", "pk": 306, "fields": {"stat_date": "2017-07-04", "impressions": 2409, "clicks": 630, "rpm": "2.37229203", "revenue": "2.58043349", "contract": [16]}}, {"model": "qchain.stat", "pk": 307, "fields": {"stat_date": "2017-07-05", "impressions": 4967, "clicks": 245, "rpm": "1.63930103", "revenue": "2.62739704", "contract": [16]}}, {"model": "qchain.stat", "pk": 308, "fields": {"stat_date": "2017-07-06", "impressions": 2889, "clicks": 313, "rpm": "1.48460365", "revenue": "2.91970890", "contract": [16]}}, {"model": "qchain.stat", "pk": 309, "fields": {"stat_date": "2017-07-07", "impressions": 2817, "clicks": 751, "rpm": "0.23371498", "revenue": "3.17779729", "contract": [16]}}, {"model": "qchain.stat", "pk": 310, "fields": {"stat_date": "2017-07-08", "impressions": 703, "clicks": 928, "rpm": "0.33445989", "revenue": "3.03908271", "contract": [16]}}, {"model": "qchain.stat", "pk": 311, "fields": {"stat_date": "2017-07-09", "impressions": 4820, "clicks": 210, "rpm": "0.93743651", "revenue": "2.49388474", "contract": [16]}}, {"model": "qchain.stat", "pk": 312, "fields": {"stat_date": "2017-07-10", "impressions": 3456, "clicks": 165, "rpm": "1.61546869", "revenue": "5.25864434", "contract": [16]}}, {"model": "qchain.stat", "pk": 313, "fields": {"stat_date": "2017-07-11", "impressions": 4645, "clicks": 276, "rpm": "1.12086516", "revenue": "4.55836110", "contract": [16]}}, {"model": "qchain.stat", "pk": 314, "fields": {"stat_date": "2017-07-12", "impressions": 602, "clicks": 278, "rpm": "2.86597317", "revenue": "2.38840337", "contract": [16]}}, {"model": "qchain.stat", "pk": 315, "fields": {"stat_date": "2017-07-13", "impressions": 3280, "clicks": 815, "rpm": "1.23163404", "revenue": "2.09342546", "contract": [16]}}, {"model": "qchain.stat", "pk": 316, "fields": {"stat_date": "2017-07-14", "impressions": 1366, "clicks": 161, "rpm": "3.48873463", "revenue": "2.23863621", "contract": [16]}}, {"model": "qchain.stat", "pk": 317, "fields": {"stat_date": "2017-07-15", "impressions": 1392, "clicks": 434, "rpm": "1.61935862", "revenue": "5.11609906", "contract": [16]}}, {"model": "qchain.stat", "pk": 318, "fields": {"stat_date": "2017-07-16", "impressions": 4606, "clicks": 968, "rpm": "2.63803919", "revenue": "2.87201600", "contract": [16]}}, {"model": "qchain.stat", "pk": 319, "fields": {"stat_date": "2017-07-17", "impressions": 2098, "clicks": 853, "rpm": "1.35012441", "revenue": "3.26933992", "contract": [16]}}, {"model": "qchain.stat", "pk": 320, "fields": {"stat_date": "2017-07-18", "impressions": 33, "clicks": 272, "rpm": "2.43217914", "revenue": "1.42853178", "contract": [16]}}, {"model": "qchain.stat", "pk": 321, "fields": {"stat_date": "2017-07-19", "impressions": 2757, "clicks": 967, "rpm": "0.49903184", "revenue": "6.42579409", "contract": [16]}}, {"model": "qchain.stat", "pk": 322, "fields": {"stat_date": "2017-07-20", "impressions": 3465, "clicks": 620, "rpm": "1.81546362", "revenue": "2.70828975", "contract": [16]}}, {"model": "qchain.stat", "pk": 323, "fields": {"stat_date": "2017-07-01", "impressions": 2071, "clicks": 917, "rpm": "3.27728781", "revenue": "3.31320778", "contract": [17]}}, {"model": "qchain.stat", "pk": 324, "fields": {"stat_date": "2017-07-02", "impressions": 1817, "clicks": 262, "rpm": "1.08036429", "revenue": "1.76700979", "contract": [17]}}, {"model": "qchain.stat", "pk": 325, "fields": {"stat_date": "2017-07-03", "impressions": 4568, "clicks": 982, "rpm": "1.30676725", "revenue": "3.02385384", "contract": [17]}}, {"model": "qchain.stat", "pk": 326, "fields": {"stat_date": "2017-07-04", "impressions": 77, "clicks": 19, "rpm": "2.57076233", "revenue": "2.26018840", "contract": [17]}}, {"model": "qchain.stat", "pk": 327, "fields": {"stat_date": "2017-07-05", "impressions": 3029, "clicks": 669, "rpm": "1.89732096", "revenue": "3.05953075", "contract": [17]}}, {"model": "qchain.stat", "pk": 328, "fields": {"stat_date": "2017-07-06", "impressions": 991, "clicks": 667, "rpm": "0.32002142", "revenue": "2.82761015", "contract": [17]}}, {"model": "qchain.stat", "pk": 329, "fields": {"stat_date": "2017-07-07", "impressions": 768, "clicks": 147, "rpm": "3.42227600", "revenue": "3.99181387", "contract": [17]}}, {"model": "qchain.stat", "pk": 330, "fields": {"stat_date": "2017-07-08", "impressions": 3373, "clicks": 592, "rpm": "1.83803026", "revenue": "3.37383894", "contract": [17]}}, {"model": "qchain.stat", "pk": 331, "fields": {"stat_date": "2017-07-09", "impressions": 2943, "clicks": 263, "rpm": "3.08574550", "revenue": "3.70546085", "contract": [17]}}, {"model": "qchain.stat", "pk": 332, "fields": {"stat_date": "2017-07-10", "impressions": 556, "clicks": 372, "rpm": "0.81821064", "revenue": "2.21146943", "contract": [17]}}, {"model": "qchain.stat", "pk": 333, "fields": {"stat_date": "2017-07-11", "impressions": 1033, "clicks": 150, "rpm": "1.67388223", "revenue": "3.19261901", "contract": [17]}}, {"model": "qchain.stat", "pk": 334, "fields": {"stat_date": "2017-07-12", "impressions": 3026, "clicks": 713, "rpm": "1.89733167", "revenue": "3.83912068", "contract": [17]}}, {"model": "qchain.stat", "pk": 335, "fields": {"stat_date": "2017-07-13", "impressions": 1371, "clicks": 736, "rpm": "2.52900046", "revenue": "4.64225553", "contract": [17]}}, {"model": "qchain.stat", "pk": 336, "fields": {"stat_date": "2017-07-14", "impressions": 4838, "clicks": 563, "rpm": "2.08371420", "revenue": "3.18584990", "contract": [17]}}, {"model": "qchain.stat", "pk": 337, "fields": {"stat_date": "2017-07-15", "impressions": 1862, "clicks": 720, "rpm": "1.72812135", "revenue": "4.01174602", "contract": [17]}}, {"model": "qchain.stat", "pk": 338, "fields": {"stat_date": "2017-07-16", "impressions": 3061, "clicks": 550, "rpm": "0.77708694", "revenue": "2.73352645", "contract": [17]}}, {"model": "qchain.stat", "pk": 339, "fields": {"stat_date": "2017-07-17", "impressions": 544, "clicks": 521, "rpm": "2.47635211", "revenue": "1.64790948", "contract": [17]}}, {"model": "qchain.stat", "pk": 340, "fields": {"stat_date": "2017-07-18", "impressions": 735, "clicks": 999, "rpm": "1.17980958", "revenue": "2.55715783", "contract": [17]}}, {"model": "qchain.stat", "pk": 341, "fields": {"stat_date": "2017-07-19", "impressions": 1699, "clicks": 768, "rpm": "3.42491922", "revenue": "2.18456657", "contract": [17]}}, {"model": "qchain.stat", "pk": 342, "fields": {"stat_date": "2017-07-20", "impressions": 2272, "clicks": 672, "rpm": "2.21233723", "revenue": "2.15432488", "contract": [17]}}, {"model": "qchain.stat", "pk": 343, "fields": {"stat_date": "2017-07-01", "impressions": 991, "clicks": 303, "rpm": "2.35254564", "revenue": "3.32912341", "contract": [18]}}, {"model": "qchain.stat", "pk": 344, "fields": {"stat_date": "2017-07-02", "impressions": 2230, "clicks": 673, "rpm": "3.72255233", "revenue": "2.69176255", "contract": [18]}}, {"model": "qchain.stat", "pk": 345, "fields": {"stat_date": "2017-07-03", "impressions": 1498, "clicks": 786, "rpm": "1.82516292", "revenue": "2.04585634", "contract": [18]}}, {"model": "qchain.stat", "pk": 346, "fields": {"stat_date": "2017-07-04", "impressions": 997, "clicks": 607, "rpm": "2.35744043", "revenue": "2.31208635", "contract": [18]}}, {"model": "qchain.stat", "pk": 347, "fields": {"stat_date": "2017-07-05", "impressions": 4677, "clicks": 742, "rpm": "1.55843253", "revenue": "1.72964726", "contract": [18]}}, {"model": "qchain.stat", "pk": 348, "fields": {"stat_date": "2017-07-06", "impressions": 2734, "clicks": 832, "rpm": "2.61327135", "revenue": "3.34120937", "contract": [18]}}, {"model": "qchain.stat", "pk": 349, "fields": {"stat_date": "2017-07-07", "impressions": 4961, "clicks": 58, "rpm": "1.70683973", "revenue": "3.13101669", "contract": [18]}}, {"model": "qchain.stat", "pk": 350, "fields": {"stat_date": "2017-07-08", "impressions": 3775, "clicks": 593, "rpm": "2.73763822", "revenue": "2.60502759", "contract": [18]}}, {"model": "qchain.stat", "pk": 351, "fields": {"stat_date": "2017-07-09", "impressions": 4333, "clicks": 148, "rpm": "3.12338835", "revenue": "2.06706080", "contract": [18]}}, {"model": "qchain.stat", "pk": 352, "fields": {"stat_date": "2017-07-10", "impressions": 3006, "clicks": 59, "rpm": "2.21551986", "revenue": "1.41963284", "contract": [18]}}, {"model": "qchain.stat", "pk": 353, "fields": {"stat_date": "2017-07-11", "impressions": 4355, "clicks": 915, "rpm": "0.35971244", "revenue": "2.94056194", "contract": [18]}}, {"model": "qchain.stat", "pk": 354, "fields": {"stat_date": "2017-07-12", "impressions": 2684, "clicks": 53, "rpm": "1.62021935", "revenue": "1.68856976", "contract": [18]}}, {"model": "qchain.stat", "pk": 355, "fields": {"stat_date": "2017-07-13", "impressions": 1915, "clicks": 239, "rpm": "2.04898125", "revenue": "2.29003554", "contract": [18]}}, {"model": "qchain.stat", "pk": 356, "fields": {"stat_date": "2017-07-14", "impressions": 3719, "clicks": 821, "rpm": "3.50742210", "revenue": "2.26237784", "contract": [18]}}, {"model": "qchain.stat", "pk": 357, "fields": {"stat_date": "2017-07-15", "impressions": 1522, "clicks": 66, "rpm": "1.55270294", "revenue": "4.01931312", "contract": [18]}}, {"model": "qchain.stat", "pk": 358, "fields": {"stat_date": "2017-07-16", "impressions": 4075, "clicks": 392, "rpm": "2.98557998", "revenue": "2.93546999", "contract": [18]}}, {"model": "qchain.stat", "pk": 359, "fields": {"stat_date": "2017-07-17", "impressions": 1575, "clicks": 74, "rpm": "2.43365713", "revenue": "3.58008061", "contract": [18]}}, {"model": "qchain.stat", "pk": 360, "fields": {"stat_date": "2017-07-18", "impressions": 514, "clicks": 800, "rpm": "1.58989415", "revenue": "3.00795375", "contract": [18]}}, {"model": "qchain.stat", "pk": 361, "fields": {"stat_date": "2017-07-19", "impressions": 3098, "clicks": 386, "rpm": "3.02054958", "revenue": "4.54344236", "contract": [18]}}, {"model": "qchain.stat", "pk": 362, "fields": {"stat_date": "2017-07-20", "impressions": 273, "clicks": 703, "rpm": "3.61901850", "revenue": "3.29946252", "contract": [18]}}, {"model": "qchain.stat", "pk": 363, "fields": {"stat_date": "2017-07-01", "impressions": 1509, "clicks": 844, "rpm": "-0.04857676", "revenue": "3.59477357", "contract": [19]}}, {"model": "qchain.stat", "pk": 364, "fields": {"stat_date": "2017-07-02", "impressions": 1385, "clicks": 425, "rpm": "2.75938714", "revenue": "3.61968036", "contract": [19]}}, {"model": "qchain.stat", "pk": 365, "fields": {"stat_date": "2017-07-03", "impressions": 3469, "clicks": 216, "rpm": "2.59270820", "revenue": "4.95206182", "contract": [19]}}, {"model": "qchain.stat", "pk": 366, "fields": {"stat_date": "2017-07-04", "impressions": 3174, "clicks": 769, "rpm": "1.99498768", "revenue": "3.47183591", "contract": [19]}}, {"model": "qchain.stat", "pk": 367, "fields": {"stat_date": "2017-07-05", "impressions": 237, "clicks": 985, "rpm": "0.89117595", "revenue": "2.50994931", "contract": [19]}}, {"model": "qchain.stat", "pk": 368, "fields": {"stat_date": "2017-07-06", "impressions": 4783, "clicks": 590, "rpm": "1.48261258", "revenue": "2.30004477", "contract": [19]}}, {"model": "qchain.stat", "pk": 369, "fields": {"stat_date": "2017-07-07", "impressions": 4670, "clicks": 580, "rpm": "2.34087462", "revenue": "3.55396570", "contract": [19]}}, {"model": "qchain.stat", "pk": 370, "fields": {"stat_date": "2017-07-08", "impressions": 1034, "clicks": 715, "rpm": "2.21907440", "revenue": "2.58737658", "contract": [19]}}, {"model": "qchain.stat", "pk": 371, "fields": {"stat_date": "2017-07-09", "impressions": 2204, "clicks": 36, "rpm": "-0.56108767", "revenue": "3.67237767", "contract": [19]}}, {"model": "qchain.stat", "pk": 372, "fields": {"stat_date": "2017-07-10", "impressions": 3543, "clicks": 177, "rpm": "2.67436075", "revenue": "3.46315080", "contract": [19]}}, {"model": "qchain.stat", "pk": 373, "fields": {"stat_date": "2017-07-11", "impressions": 3640, "clicks": 722, "rpm": "0.66284087", "revenue": "4.58787261", "contract": [19]}}, {"model": "qchain.stat", "pk": 374, "fields": {"stat_date": "2017-07-12", "impressions": 4769, "clicks": 381, "rpm": "1.01822895", "revenue": "1.83242002", "contract": [19]}}, {"model": "qchain.stat", "pk": 375, "fields": {"stat_date": "2017-07-13", "impressions": 3289, "clicks": 833, "rpm": "2.87000215", "revenue": "2.97718040", "contract": [19]}}, {"model": "qchain.stat", "pk": 376, "fields": {"stat_date": "2017-07-14", "impressions": 2554, "clicks": 57, "rpm": "1.99760619", "revenue": "3.57753524", "contract": [19]}}, {"model": "qchain.stat", "pk": 377, "fields": {"stat_date": "2017-07-15", "impressions": 1478, "clicks": 690, "rpm": "0.42644494", "revenue": "3.78126958", "contract": [19]}}, {"model": "qchain.stat", "pk": 378, "fields": {"stat_date": "2017-07-16", "impressions": 3684, "clicks": 893, "rpm": "1.49857330", "revenue": "2.63609705", "contract": [19]}}, {"model": "qchain.stat", "pk": 379, "fields": {"stat_date": "2017-07-17", "impressions": 2315, "clicks": 336, "rpm": "2.12788976", "revenue": "2.88006597", "contract": [19]}}, {"model": "qchain.stat", "pk": 380, "fields": {"stat_date": "2017-07-18", "impressions": 2850, "clicks": 22, "rpm": "1.24621305", "revenue": "3.05948349", "contract": [19]}}, {"model": "qchain.stat", "pk": 381, "fields": {"stat_date": "2017-07-19", "impressions": 4007, "clicks": 292, "rpm": "2.71561185", "revenue": "0.95837313", "contract": [19]}}, {"model": "qchain.stat", "pk": 382, "fields": {"stat_date": "2017-07-20", "impressions": 3941, "clicks": 344, "rpm": "1.88875718", "revenue": "3.49165497", "contract": [19]}}, {"model": "qchain.stat", "pk": 383, "fields": {"stat_date": "2017-07-01", "impressions": 1605, "clicks": 820, "rpm": "0.99938471", "revenue": "2.49883841", "contract": [20]}}, {"model": "qchain.stat", "pk": 384, "fields": {"stat_date": "2017-07-02", "impressions": 3318, "clicks": 344, "rpm": "2.60338671", "revenue": "2.95370066", "contract": [20]}}, {"model": "qchain.stat", "pk": 385, "fields": {"stat_date": "2017-07-03", "impressions": 1886, "clicks": 649, "rpm": "0.70619803", "revenue": "3.00854023", "contract": [20]}}, {"model": "qchain.stat", "pk": 386, "fields": {"stat_date": "2017-07-04", "impressions": 610, "clicks": 505, "rpm": "1.33863178", "revenue": "2.28178393", "contract": [20]}}, {"model": "qchain.stat", "pk": 387, "fields": {"stat_date": "2017-07-05", "impressions": 1386, "clicks": 315, "rpm": "1.78375451", "revenue": "2.48977402", "contract": [20]}}, {"model": "qchain.stat", "pk": 388, "fields": {"stat_date": "2017-07-06", "impressions": 581, "clicks": 79, "rpm": "1.48778337", "revenue": "4.92086086", "contract": [20]}}, {"model": "qchain.stat", "pk": 389, "fields": {"stat_date": "2017-07-07", "impressions": 4770, "clicks": 343, "rpm": "1.79886419", "revenue": "2.79046932", "contract": [20]}}, {"model": "qchain.stat", "pk": 390, "fields": {"stat_date": "2017-07-08", "impressions": 1512, "clicks": 410, "rpm": "2.36725211", "revenue": "3.62286927", "contract": [20]}}, {"model": "qchain.stat", "pk": 391, "fields": {"stat_date": "2017-07-09", "impressions": 1070, "clicks": 516, "rpm": "1.46048111", "revenue": "2.38975556", "contract": [20]}}, {"model": "qchain.stat", "pk": 392, "fields": {"stat_date": "2017-07-10", "impressions": 2795, "clicks": 756, "rpm": "3.64623080", "revenue": "3.58603969", "contract": [20]}}, {"model": "qchain.stat", "pk": 393, "fields": {"stat_date": "2017-07-11", "impressions": 2322, "clicks": 543, "rpm": "1.99624665", "revenue": "3.62269730", "contract": [20]}}, {"model": "qchain.stat", "pk": 394, "fields": {"stat_date": "2017-07-12", "impressions": 2807, "clicks": 519, "rpm": "1.39944762", "revenue": "2.70970424", "contract": [20]}}, {"model": "qchain.stat", "pk": 395, "fields": {"stat_date": "2017-07-13", "impressions": 4740, "clicks": 705, "rpm": "1.58287594", "revenue": "2.91347064", "contract": [20]}}, {"model": "qchain.stat", "pk": 396, "fields": {"stat_date": "2017-07-14", "impressions": 1958, "clicks": 169, "rpm": "2.61069588", "revenue": "1.77224074", "contract": [20]}}, {"model": "qchain.stat", "pk": 397, "fields": {"stat_date": "2017-07-15", "impressions": 3353, "clicks": 293, "rpm": "-0.10550049", "revenue": "2.46086095", "contract": [20]}}, {"model": "qchain.stat", "pk": 398, "fields": {"stat_date": "2017-07-16", "impressions": 2437, "clicks": 96, "rpm": "1.16001971", "revenue": "4.90097562", "contract": [20]}}, {"model": "qchain.stat", "pk": 399, "fields": {"stat_date": "2017-07-17", "impressions": 3561, "clicks": 433, "rpm": "0.61872513", "revenue": "2.06695520", "contract": [20]}}, {"model": "qchain.stat", "pk": 400, "fields": {"stat_date": "2017-07-18", "impressions": 2954, "clicks": 17, "rpm": "2.44990765", "revenue": "4.50461738", "contract": [20]}}, {"model": "qchain.stat", "pk": 401, "fields": {"stat_date": "2017-07-19", "impressions": 1663, "clicks": 203, "rpm": "1.25348909", "revenue": "2.77168080", "contract": [20]}}, {"model": "qchain.stat", "pk": 402, "fields": {"stat_date": "2017-07-20", "impressions": 4960, "clicks": 797, "rpm": "3.53978128", "revenue": "2.98948529", "contract": [20]}}, {"model": "qchain.stat", "pk": 403, "fields": {"stat_date": "2017-07-01", "impressions": 1655, "clicks": 633, "rpm": "1.77023941", "revenue": "3.11951404", "contract": [21]}}, {"model": "qchain.stat", "pk": 404, "fields": {"stat_date": "2017-07-02", "impressions": 2898, "clicks": 295, "rpm": "0.58652829", "revenue": "2.63831068", "contract": [21]}}, {"model": "qchain.stat", "pk": 405, "fields": {"stat_date": "2017-07-03", "impressions": 4966, "clicks": 264, "rpm": "2.97703316", "revenue": "3.57411437", "contract": [21]}}, {"model": "qchain.stat", "pk": 406, "fields": {"stat_date": "2017-07-04", "impressions": 2718, "clicks": 586, "rpm": "0.10815495", "revenue": "4.20809858", "contract": [21]}}, {"model": "qchain.stat", "pk": 407, "fields": {"stat_date": "2017-07-05", "impressions": 720, "clicks": 652, "rpm": "1.85432643", "revenue": "3.32983649", "contract": [21]}}, {"model": "qchain.stat", "pk": 408, "fields": {"stat_date": "2017-07-06", "impressions": 1838, "clicks": 28, "rpm": "1.69891647", "revenue": "3.02106528", "contract": [21]}}, {"model": "qchain.stat", "pk": 409, "fields": {"stat_date": "2017-07-07", "impressions": 3553, "clicks": 576, "rpm": "0.70825239", "revenue": "2.80359165", "contract": [21]}}, {"model": "qchain.stat", "pk": 410, "fields": {"stat_date": "2017-07-08", "impressions": 3677, "clicks": 938, "rpm": "2.74137560", "revenue": "1.94762927", "contract": [21]}}, {"model": "qchain.stat", "pk": 411, "fields": {"stat_date": "2017-07-09", "impressions": 2346, "clicks": 875, "rpm": "0.22223553", "revenue": "2.73504972", "contract": [21]}}, {"model": "qchain.stat", "pk": 412, "fields": {"stat_date": "2017-07-10", "impressions": 3207, "clicks": 374, "rpm": "1.91899334", "revenue": "2.64403043", "contract": [21]}}, {"model": "qchain.stat", "pk": 413, "fields": {"stat_date": "2017-07-11", "impressions": 2953, "clicks": 902, "rpm": "2.49644471", "revenue": "3.08132492", "contract": [21]}}, {"model": "qchain.stat", "pk": 414, "fields": {"stat_date": "2017-07-12", "impressions": 2305, "clicks": 929, "rpm": "3.04789171", "revenue": "1.85634807", "contract": [21]}}, {"model": "qchain.stat", "pk": 415, "fields": {"stat_date": "2017-07-13", "impressions": 323, "clicks": 409, "rpm": "3.39038796", "revenue": "2.84200702", "contract": [21]}}, {"model": "qchain.stat", "pk": 416, "fields": {"stat_date": "2017-07-14", "impressions": 2264, "clicks": 262, "rpm": "1.93824342", "revenue": "3.73399988", "contract": [21]}}, {"model": "qchain.stat", "pk": 417, "fields": {"stat_date": "2017-07-15", "impressions": 1423, "clicks": 214, "rpm": "1.75302679", "revenue": "2.82946374", "contract": [21]}}, {"model": "qchain.stat", "pk": 418, "fields": {"stat_date": "2017-07-16", "impressions": 4679, "clicks": 676, "rpm": "0.73736485", "revenue": "2.60849638", "contract": [21]}}, {"model": "qchain.stat", "pk": 419, "fields": {"stat_date": "2017-07-17", "impressions": 1753, "clicks": 956, "rpm": "3.15088111", "revenue": "2.77510453", "contract": [21]}}, {"model": "qchain.stat", "pk": 420, "fields": {"stat_date": "2017-07-18", "impressions": 295, "clicks": 332, "rpm": "1.67805151", "revenue": "3.27439175", "contract": [21]}}, {"model": "qchain.stat", "pk": 421, "fields": {"stat_date": "2017-07-19", "impressions": 3077, "clicks": 201, "rpm": "2.84629968", "revenue": "3.50433596", "contract": [21]}}, {"model": "qchain.stat", "pk": 422, "fields": {"stat_date": "2017-07-20", "impressions": 2160, "clicks": 579, "rpm": "0.52387123", "revenue": "4.11986019", "contract": [21]}}, {"model": "qchain.stat", "pk": 423, "fields": {"stat_date": "2017-07-01", "impressions": 3441, "clicks": 572, "rpm": "2.86967081", "revenue": "2.95271698", "contract": [22]}}, {"model": "qchain.stat", "pk": 424, "fields": {"stat_date": "2017-07-02", "impressions": 1430, "clicks": 649, "rpm": "1.78431201", "revenue": "1.93883856", "contract": [22]}}, {"model": "qchain.stat", "pk": 425, "fields": {"stat_date": "2017-07-03", "impressions": 2363, "clicks": 679, "rpm": "1.49475499", "revenue": "3.36027639", "contract": [22]}}, {"model": "qchain.stat", "pk": 426, "fields": {"stat_date": "2017-07-04", "impressions": 4232, "clicks": 140, "rpm": "0.71636254", "revenue": "3.70626667", "contract": [22]}}, {"model": "qchain.stat", "pk": 427, "fields": {"stat_date": "2017-07-05", "impressions": 1912, "clicks": 756, "rpm": "2.58830735", "revenue": "4.74237520", "contract": [22]}}, {"model": "qchain.stat", "pk": 428, "fields": {"stat_date": "2017-07-06", "impressions": 4359, "clicks": 71, "rpm": "2.94496490", "revenue": "0.63379850", "contract": [22]}}, {"model": "qchain.stat", "pk": 429, "fields": {"stat_date": "2017-07-07", "impressions": 1743, "clicks": 873, "rpm": "2.01453087", "revenue": "2.33221483", "contract": [22]}}, {"model": "qchain.stat", "pk": 430, "fields": {"stat_date": "2017-07-08", "impressions": 4135, "clicks": 517, "rpm": "1.49218705", "revenue": "1.83176808", "contract": [22]}}, {"model": "qchain.stat", "pk": 431, "fields": {"stat_date": "2017-07-09", "impressions": 4067, "clicks": 145, "rpm": "0.41748608", "revenue": "2.26930051", "contract": [22]}}, {"model": "qchain.stat", "pk": 432, "fields": {"stat_date": "2017-07-10", "impressions": 469, "clicks": 362, "rpm": "2.56202315", "revenue": "2.57571963", "contract": [22]}}, {"model": "qchain.stat", "pk": 433, "fields": {"stat_date": "2017-07-11", "impressions": 1832, "clicks": 382, "rpm": "0.95839285", "revenue": "3.59120398", "contract": [22]}}, {"model": "qchain.stat", "pk": 434, "fields": {"stat_date": "2017-07-12", "impressions": 2469, "clicks": 485, "rpm": "2.31640920", "revenue": "1.59750357", "contract": [22]}}, {"model": "qchain.stat", "pk": 435, "fields": {"stat_date": "2017-07-13", "impressions": 2479, "clicks": 484, "rpm": "1.91811664", "revenue": "3.17227183", "contract": [22]}}, {"model": "qchain.stat", "pk": 436, "fields": {"stat_date": "2017-07-14", "impressions": 3211, "clicks": 888, "rpm": "0.16483692", "revenue": "3.44544170", "contract": [22]}}, {"model": "qchain.stat", "pk": 437, "fields": {"stat_date": "2017-07-15", "impressions": 689, "clicks": 454, "rpm": "3.30448283", "revenue": "3.80185956", "contract": [22]}}, {"model": "qchain.stat", "pk": 438, "fields": {"stat_date": "2017-07-16", "impressions": 3770, "clicks": 135, "rpm": "0.77467215", "revenue": "3.37439367", "contract": [22]}}, {"model": "qchain.stat", "pk": 439, "fields": {"stat_date": "2017-07-17", "impressions": 2543, "clicks": 995, "rpm": "1.63980901", "revenue": "2.60118718", "contract": [22]}}, {"model": "qchain.stat", "pk": 440, "fields": {"stat_date": "2017-07-18", "impressions": 4945, "clicks": 858, "rpm": "1.57703095", "revenue": "2.98592174", "contract": [22]}}, {"model": "qchain.stat", "pk": 441, "fields": {"stat_date": "2017-07-19", "impressions": 1663, "clicks": 151, "rpm": "1.96028831", "revenue": "3.37243287", "contract": [22]}}, {"model": "qchain.stat", "pk": 442, "fields": {"stat_date": "2017-07-20", "impressions": 2433, "clicks": 122, "rpm": "2.28381236", "revenue": "2.77885607", "contract": [22]}}, {"model": "qchain.stat", "pk": 443, "fields": {"stat_date": "2017-07-01", "impressions": 621, "clicks": 48, "rpm": "-0.44697800", "revenue": "2.00634969", "contract": [23]}}, {"model": "qchain.stat", "pk": 444, "fields": {"stat_date": "2017-07-02", "impressions": 4163, "clicks": 257, "rpm": "0.72514233", "revenue": "2.93464936", "contract": [23]}}, {"model": "qchain.stat", "pk": 445, "fields": {"stat_date": "2017-07-03", "impressions": 1577, "clicks": 371, "rpm": "3.82567135", "revenue": "3.47005956", "contract": [23]}}, {"model": "qchain.stat", "pk": 446, "fields": {"stat_date": "2017-07-04", "impressions": 46, "clicks": 524, "rpm": "1.69961179", "revenue": "2.14313693", "contract": [23]}}, {"model": "qchain.stat", "pk": 447, "fields": {"stat_date": "2017-07-05", "impressions": 1061, "clicks": 683, "rpm": "0.72077588", "revenue": "1.87178192", "contract": [23]}}, {"model": "qchain.stat", "pk": 448, "fields": {"stat_date": "2017-07-06", "impressions": 2245, "clicks": 865, "rpm": "4.28551171", "revenue": "2.01844250", "contract": [23]}}, {"model": "qchain.stat", "pk": 449, "fields": {"stat_date": "2017-07-07", "impressions": 2940, "clicks": 361, "rpm": "2.13620195", "revenue": "2.80683911", "contract": [23]}}, {"model": "qchain.stat", "pk": 450, "fields": {"stat_date": "2017-07-08", "impressions": 3600, "clicks": 656, "rpm": "0.64379846", "revenue": "2.20147369", "contract": [23]}}, {"model": "qchain.stat", "pk": 451, "fields": {"stat_date": "2017-07-09", "impressions": 1614, "clicks": 521, "rpm": "1.63447632", "revenue": "3.11560637", "contract": [23]}}, {"model": "qchain.stat", "pk": 452, "fields": {"stat_date": "2017-07-10", "impressions": 4197, "clicks": 155, "rpm": "1.33837408", "revenue": "4.91684021", "contract": [23]}}, {"model": "qchain.stat", "pk": 453, "fields": {"stat_date": "2017-07-11", "impressions": 379, "clicks": 673, "rpm": "0.92205445", "revenue": "4.70815619", "contract": [23]}}, {"model": "qchain.stat", "pk": 454, "fields": {"stat_date": "2017-07-12", "impressions": 326, "clicks": 697, "rpm": "2.18380784", "revenue": "3.04899345", "contract": [23]}}, {"model": "qchain.stat", "pk": 455, "fields": {"stat_date": "2017-07-13", "impressions": 3210, "clicks": 684, "rpm": "2.66734475", "revenue": "2.96343273", "contract": [23]}}, {"model": "qchain.stat", "pk": 456, "fields": {"stat_date": "2017-07-14", "impressions": 3893, "clicks": 809, "rpm": "3.83484085", "revenue": "2.00732952", "contract": [23]}}, {"model": "qchain.stat", "pk": 457, "fields": {"stat_date": "2017-07-15", "impressions": 4562, "clicks": 290, "rpm": "1.40847863", "revenue": "1.33653243", "contract": [23]}}, {"model": "qchain.stat", "pk": 458, "fields": {"stat_date": "2017-07-16", "impressions": 4281, "clicks": 831, "rpm": "0.72158949", "revenue": "2.20888604", "contract": [23]}}, {"model": "qchain.stat", "pk": 459, "fields": {"stat_date": "2017-07-17", "impressions": 3786, "clicks": 840, "rpm": "0.88027405", "revenue": "4.31688895", "contract": [23]}}, {"model": "qchain.stat", "pk": 460, "fields": {"stat_date": "2017-07-18", "impressions": 4278, "clicks": 250, "rpm": "3.93805578", "revenue": "2.58504381", "contract": [23]}}, {"model": "qchain.stat", "pk": 461, "fields": {"stat_date": "2017-07-19", "impressions": 2711, "clicks": 626, "rpm": "0.51333059", "revenue": "3.27821434", "contract": [23]}}, {"model": "qchain.stat", "pk": 462, "fields": {"stat_date": "2017-07-20", "impressions": 4640, "clicks": 224, "rpm": "0.78244076", "revenue": "4.49025219", "contract": [23]}}, {"model": "qchain.stat", "pk": 463, "fields": {"stat_date": "2017-07-01", "impressions": 1737, "clicks": 733, "rpm": "4.42245386", "revenue": "1.04554585", "contract": [24]}}, {"model": "qchain.stat", "pk": 464, "fields": {"stat_date": "2017-07-02", "impressions": 2366, "clicks": 227, "rpm": "2.42231150", "revenue": "0.98564905", "contract": [24]}}, {"model": "qchain.stat", "pk": 465, "fields": {"stat_date": "2017-07-03", "impressions": 450, "clicks": 332, "rpm": "1.91369567", "revenue": "4.85641184", "contract": [24]}}, {"model": "qchain.stat", "pk": 466, "fields": {"stat_date": "2017-07-04", "impressions": 3748, "clicks": 414, "rpm": "1.47250658", "revenue": "1.58187918", "contract": [24]}}, {"model": "qchain.stat", "pk": 467, "fields": {"stat_date": "2017-07-05", "impressions": 2224, "clicks": 22, "rpm": "2.04100325", "revenue": "3.44569150", "contract": [24]}}, {"model": "qchain.stat", "pk": 468, "fields": {"stat_date": "2017-07-06", "impressions": 778, "clicks": 840, "rpm": "1.78369212", "revenue": "4.36825453", "contract": [24]}}, {"model": "qchain.stat", "pk": 469, "fields": {"stat_date": "2017-07-07", "impressions": 2086, "clicks": 28, "rpm": "2.97482184", "revenue": "4.62560687", "contract": [24]}}, {"model": "qchain.stat", "pk": 470, "fields": {"stat_date": "2017-07-08", "impressions": 4952, "clicks": 661, "rpm": "0.56771019", "revenue": "2.84847671", "contract": [24]}}, {"model": "qchain.stat", "pk": 471, "fields": {"stat_date": "2017-07-09", "impressions": 1166, "clicks": 305, "rpm": "1.14320146", "revenue": "3.27331457", "contract": [24]}}, {"model": "qchain.stat", "pk": 472, "fields": {"stat_date": "2017-07-10", "impressions": 3630, "clicks": 77, "rpm": "2.13574138", "revenue": "3.80877418", "contract": [24]}}, {"model": "qchain.stat", "pk": 473, "fields": {"stat_date": "2017-07-11", "impressions": 193, "clicks": 828, "rpm": "3.78800917", "revenue": "5.74091473", "contract": [24]}}, {"model": "qchain.stat", "pk": 474, "fields": {"stat_date": "2017-07-12", "impressions": 3932, "clicks": 605, "rpm": "3.00986006", "revenue": "2.76543217", "contract": [24]}}, {"model": "qchain.stat", "pk": 475, "fields": {"stat_date": "2017-07-13", "impressions": 1582, "clicks": 288, "rpm": "2.67957998", "revenue": "1.76279461", "contract": [24]}}, {"model": "qchain.stat", "pk": 476, "fields": {"stat_date": "2017-07-14", "impressions": 2222, "clicks": 812, "rpm": "2.64400327", "revenue": "0.81199368", "contract": [24]}}, {"model": "qchain.stat", "pk": 477, "fields": {"stat_date": "2017-07-15", "impressions": 4646, "clicks": 74, "rpm": "2.42204706", "revenue": "3.96436969", "contract": [24]}}, {"model": "qchain.stat", "pk": 478, "fields": {"stat_date": "2017-07-16", "impressions": 2443, "clicks": 180, "rpm": "1.31072257", "revenue": "3.20939201", "contract": [24]}}, {"model": "qchain.stat", "pk": 479, "fields": {"stat_date": "2017-07-17", "impressions": 2476, "clicks": 218, "rpm": "3.75485000", "revenue": "2.85628529", "contract": [24]}}, {"model": "qchain.stat", "pk": 480, "fields": {"stat_date": "2017-07-18", "impressions": 3459, "clicks": 431, "rpm": "0.31603487", "revenue": "3.00174695", "contract": [24]}}, {"model": "qchain.stat", "pk": 481, "fields": {"stat_date": "2017-07-19", "impressions": 4720, "clicks": 95, "rpm": "0.68396834", "revenue": "4.33593913", "contract": [24]}}, {"model": "qchain.stat", "pk": 482, "fields": {"stat_date": "2017-07-20", "impressions": 2892, "clicks": 324, "rpm": "3.01049555", "revenue": "3.02212649", "contract": [24]}}, {"model": "qchain.stat", "pk": 483, "fields": {"stat_date": "2017-07-01", "impressions": 977, "clicks": 680, "rpm": "3.69523467", "revenue": "3.54903373", "contract": [25]}}, {"model": "qchain.stat", "pk": 484, "fields": {"stat_date": "2017-07-02", "impressions": 4356, "clicks": 211, "rpm": "2.37602434", "revenue": "2.89217398", "contract": [25]}}, {"model": "qchain.stat", "pk": 485, "fields": {"stat_date": "2017-07-03", "impressions": 488, "clicks": 822, "rpm": "0.40570123", "revenue": "2.99601153", "contract": [25]}}, {"model": "qchain.stat", "pk": 486, "fields": {"stat_date": "2017-07-04", "impressions": 4141, "clicks": 69, "rpm": "3.20636059", "revenue": "3.60435463", "contract": [25]}}, {"model": "qchain.stat", "pk": 487, "fields": {"stat_date": "2017-07-05", "impressions": 2827, "clicks": 460, "rpm": "1.94808784", "revenue": "2.86690567", "contract": [25]}}, {"model": "qchain.stat", "pk": 488, "fields": {"stat_date": "2017-07-06", "impressions": 4827, "clicks": 86, "rpm": "1.36701021", "revenue": "2.43369058", "contract": [25]}}, {"model": "qchain.stat", "pk": 489, "fields": {"stat_date": "2017-07-07", "impressions": 1665, "clicks": 969, "rpm": "1.51403308", "revenue": "4.84814450", "contract": [25]}}, {"model": "qchain.stat", "pk": 490, "fields": {"stat_date": "2017-07-08", "impressions": 2068, "clicks": 76, "rpm": "1.44062959", "revenue": "2.95132114", "contract": [25]}}, {"model": "qchain.stat", "pk": 491, "fields": {"stat_date": "2017-07-09", "impressions": 1207, "clicks": 23, "rpm": "2.63652946", "revenue": "2.57049741", "contract": [25]}}, {"model": "qchain.stat", "pk": 492, "fields": {"stat_date": "2017-07-10", "impressions": 4690, "clicks": 554, "rpm": "1.46587679", "revenue": "1.44968149", "contract": [25]}}, {"model": "qchain.stat", "pk": 493, "fields": {"stat_date": "2017-07-11", "impressions": 2888, "clicks": 577, "rpm": "2.27522595", "revenue": "2.44642322", "contract": [25]}}, {"model": "qchain.stat", "pk": 494, "fields": {"stat_date": "2017-07-12", "impressions": 1163, "clicks": 106, "rpm": "2.21010422", "revenue": "3.99584069", "contract": [25]}}, {"model": "qchain.stat", "pk": 495, "fields": {"stat_date": "2017-07-13", "impressions": 3714, "clicks": 283, "rpm": "1.87253809", "revenue": "3.31598896", "contract": [25]}}, {"model": "qchain.stat", "pk": 496, "fields": {"stat_date": "2017-07-14", "impressions": 654, "clicks": 124, "rpm": "2.13748635", "revenue": "3.10062043", "contract": [25]}}, {"model": "qchain.stat", "pk": 497, "fields": {"stat_date": "2017-07-15", "impressions": 3094, "clicks": 90, "rpm": "2.82361502", "revenue": "2.07805833", "contract": [25]}}, {"model": "qchain.stat", "pk": 498, "fields": {"stat_date": "2017-07-16", "impressions": 2688, "clicks": 466, "rpm": "1.43432540", "revenue": "2.95520392", "contract": [25]}}, {"model": "qchain.stat", "pk": 499, "fields": {"stat_date": "2017-07-17", "impressions": 2513, "clicks": 569, "rpm": "2.21284855", "revenue": "2.76060565", "contract": [25]}}, {"model": "qchain.stat", "pk": 500, "fields": {"stat_date": "2017-07-18", "impressions": 4639, "clicks": 316, "rpm": "2.12941833", "revenue": "3.87077316", "contract": [25]}}, {"model": "qchain.stat", "pk": 501, "fields": {"stat_date": "2017-07-19", "impressions": 2180, "clicks": 166, "rpm": "2.51194375", "revenue": "5.17481597", "contract": [25]}}, {"model": "qchain.stat", "pk": 502, "fields": {"stat_date": "2017-07-20", "impressions": 4997, "clicks": 900, "rpm": "1.07782271", "revenue": "3.27129382", "contract": [25]}}, {"model": "qchain.stat", "pk": 515, "fields": {"stat_date": "2017-07-21", "impressions": 147, "clicks": 461, "rpm": "0.56061687", "revenue": "2.34186358", "contract": [16]}}, {"model": "qchain.stat", "pk": 516, "fields": {"stat_date": "2017-07-22", "impressions": 2963, "clicks": 602, "rpm": "1.61737389", "revenue": "1.20955709", "contract": [16]}}, {"model": "qchain.stat", "pk": 517, "fields": {"stat_date": "2017-07-23", "impressions": 1154, "clicks": 931, "rpm": "2.54126588", "revenue": "3.57774368", "contract": [16]}}, {"model": "qchain.stat", "pk": 518, "fields": {"stat_date": "2017-07-24", "impressions": 3047, "clicks": 163, "rpm": "2.37971365", "revenue": "3.77358514", "contract": [16]}}, {"model": "qchain.stat", "pk": 519, "fields": {"stat_date": "2017-07-25", "impressions": 1382, "clicks": 167, "rpm": "3.11171897", "revenue": "2.67041626", "contract": [16]}}, {"model": "qchain.stat", "pk": 520, "fields": {"stat_date": "2017-07-26", "impressions": 533, "clicks": 492, "rpm": "2.20837045", "revenue": "3.06434468", "contract": [16]}}, {"model": "qchain.stat", "pk": 521, "fields": {"stat_date": "2017-07-27", "impressions": 3455, "clicks": 171, "rpm": "1.57689624", "revenue": "2.62846149", "contract": [16]}}, {"model": "qchain.stat", "pk": 522, "fields": {"stat_date": "2017-07-28", "impressions": 3660, "clicks": 972, "rpm": "3.47646510", "revenue": "3.96093114", "contract": [16]}}, {"model": "qchain.stat", "pk": 523, "fields": {"stat_date": "2017-07-29", "impressions": 4101, "clicks": 576, "rpm": "2.01750732", "revenue": "4.05050214", "contract": [16]}}, {"model": "qchain.stat", "pk": 524, "fields": {"stat_date": "2017-07-30", "impressions": 311, "clicks": 500, "rpm": "2.09373600", "revenue": "3.93033070", "contract": [16]}}, {"model": "qchain.stat", "pk": 525, "fields": {"stat_date": "2017-07-31", "impressions": 2652, "clicks": 797, "rpm": "1.08339670", "revenue": "4.77991395", "contract": [16]}}, {"model": "qchain.stat", "pk": 526, "fields": {"stat_date": "2017-07-21", "impressions": 2565, "clicks": 657, "rpm": "1.29213339", "revenue": "3.23561937", "contract": [17]}}, {"model": "qchain.stat", "pk": 527, "fields": {"stat_date": "2017-07-22", "impressions": 3350, "clicks": 83, "rpm": "3.27369573", "revenue": "3.79214582", "contract": [17]}}, {"model": "qchain.stat", "pk": 528, "fields": {"stat_date": "2017-07-23", "impressions": 2087, "clicks": 414, "rpm": "2.40685200", "revenue": "3.09919878", "contract": [17]}}, {"model": "qchain.stat", "pk": 529, "fields": {"stat_date": "2017-07-24", "impressions": 1444, "clicks": 674, "rpm": "2.71858264", "revenue": "3.52535323", "contract": [17]}}, {"model": "qchain.stat", "pk": 530, "fields": {"stat_date": "2017-07-25", "impressions": 4839, "clicks": 406, "rpm": "2.12427811", "revenue": "2.07522210", "contract": [17]}}, {"model": "qchain.stat", "pk": 531, "fields": {"stat_date": "2017-07-26", "impressions": 2403, "clicks": 882, "rpm": "4.78459790", "revenue": "2.45915838", "contract": [17]}}, {"model": "qchain.stat", "pk": 532, "fields": {"stat_date": "2017-07-27", "impressions": 4518, "clicks": 167, "rpm": "2.11821529", "revenue": "2.89560785", "contract": [17]}}, {"model": "qchain.stat", "pk": 533, "fields": {"stat_date": "2017-07-28", "impressions": 3386, "clicks": 775, "rpm": "2.14229088", "revenue": "3.87651985", "contract": [17]}}, {"model": "qchain.stat", "pk": 534, "fields": {"stat_date": "2017-07-29", "impressions": 1634, "clicks": 378, "rpm": "1.70783087", "revenue": "3.47698128", "contract": [17]}}, {"model": "qchain.stat", "pk": 535, "fields": {"stat_date": "2017-07-30", "impressions": 4329, "clicks": 456, "rpm": "1.89039541", "revenue": "5.32198365", "contract": [17]}}, {"model": "qchain.stat", "pk": 536, "fields": {"stat_date": "2017-07-31", "impressions": 1791, "clicks": 317, "rpm": "1.87324314", "revenue": "3.55391092", "contract": [17]}}, {"model": "qchain.stat", "pk": 537, "fields": {"stat_date": "2017-07-21", "impressions": 2623, "clicks": 944, "rpm": "2.19716128", "revenue": "3.61046612", "contract": [18]}}, {"model": "qchain.stat", "pk": 538, "fields": {"stat_date": "2017-07-22", "impressions": 4565, "clicks": 446, "rpm": "0.82734946", "revenue": "2.62758841", "contract": [18]}}, {"model": "qchain.stat", "pk": 539, "fields": {"stat_date": "2017-07-23", "impressions": 1967, "clicks": 717, "rpm": "1.05932947", "revenue": "1.98342291", "contract": [18]}}, {"model": "qchain.stat", "pk": 540, "fields": {"stat_date": "2017-07-24", "impressions": 3759, "clicks": 547, "rpm": "2.11786341", "revenue": "3.27236870", "contract": [18]}}, {"model": "qchain.stat", "pk": 541, "fields": {"stat_date": "2017-07-25", "impressions": 4730, "clicks": 540, "rpm": "2.44277772", "revenue": "3.41613439", "contract": [18]}}, {"model": "qchain.stat", "pk": 542, "fields": {"stat_date": "2017-07-26", "impressions": 905, "clicks": 500, "rpm": "2.81076558", "revenue": "2.52763187", "contract": [18]}}, {"model": "qchain.stat", "pk": 543, "fields": {"stat_date": "2017-07-27", "impressions": 1973, "clicks": 366, "rpm": "0.95711665", "revenue": "2.79903549", "contract": [18]}}, {"model": "qchain.stat", "pk": 544, "fields": {"stat_date": "2017-07-28", "impressions": 1079, "clicks": 596, "rpm": "4.31797099", "revenue": "2.45731157", "contract": [18]}}, {"model": "qchain.stat", "pk": 545, "fields": {"stat_date": "2017-07-29", "impressions": 4931, "clicks": 628, "rpm": "1.89779096", "revenue": "4.49710452", "contract": [18]}}, {"model": "qchain.stat", "pk": 546, "fields": {"stat_date": "2017-07-30", "impressions": 4048, "clicks": 590, "rpm": "3.33667423", "revenue": "3.30548474", "contract": [18]}}, {"model": "qchain.stat", "pk": 547, "fields": {"stat_date": "2017-07-31", "impressions": 1105, "clicks": 591, "rpm": "1.31370977", "revenue": "4.60094524", "contract": [18]}}, {"model": "qchain.stat", "pk": 548, "fields": {"stat_date": "2017-07-21", "impressions": 4284, "clicks": 993, "rpm": "2.62214765", "revenue": "2.56753446", "contract": [19]}}, {"model": "qchain.stat", "pk": 549, "fields": {"stat_date": "2017-07-22", "impressions": 3615, "clicks": 386, "rpm": "2.18855460", "revenue": "2.85901158", "contract": [19]}}, {"model": "qchain.stat", "pk": 550, "fields": {"stat_date": "2017-07-23", "impressions": 4689, "clicks": 185, "rpm": "2.92794618", "revenue": "3.81403248", "contract": [19]}}, {"model": "qchain.stat", "pk": 551, "fields": {"stat_date": "2017-07-24", "impressions": 3842, "clicks": 889, "rpm": "1.27259354", "revenue": "3.33123315", "contract": [19]}}, {"model": "qchain.stat", "pk": 552, "fields": {"stat_date": "2017-07-25", "impressions": 1587, "clicks": 433, "rpm": "1.79697298", "revenue": "2.20612074", "contract": [19]}}, {"model": "qchain.stat", "pk": 553, "fields": {"stat_date": "2017-07-26", "impressions": 2596, "clicks": 905, "rpm": "0.51660156", "revenue": "4.83259119", "contract": [19]}}, {"model": "qchain.stat", "pk": 554, "fields": {"stat_date": "2017-07-27", "impressions": 4003, "clicks": 85, "rpm": "1.44252721", "revenue": "3.19908698", "contract": [19]}}, {"model": "qchain.stat", "pk": 555, "fields": {"stat_date": "2017-07-28", "impressions": 4099, "clicks": 205, "rpm": "2.50386654", "revenue": "2.60632990", "contract": [19]}}, {"model": "qchain.stat", "pk": 556, "fields": {"stat_date": "2017-07-29", "impressions": 2724, "clicks": 320, "rpm": "2.84811248", "revenue": "4.30310124", "contract": [19]}}, {"model": "qchain.stat", "pk": 557, "fields": {"stat_date": "2017-07-30", "impressions": 2805, "clicks": 904, "rpm": "1.11405198", "revenue": "4.00841103", "contract": [19]}}, {"model": "qchain.stat", "pk": 558, "fields": {"stat_date": "2017-07-31", "impressions": 1545, "clicks": 478, "rpm": "1.89864571", "revenue": "0.86511597", "contract": [19]}}, {"model": "qchain.stat", "pk": 559, "fields": {"stat_date": "2017-07-21", "impressions": 2455, "clicks": 686, "rpm": "2.22214198", "revenue": "2.86573487", "contract": [20]}}, {"model": "qchain.stat", "pk": 560, "fields": {"stat_date": "2017-07-22", "impressions": 1582, "clicks": 786, "rpm": "1.84324443", "revenue": "2.15947708", "contract": [20]}}, {"model": "qchain.stat", "pk": 561, "fields": {"stat_date": "2017-07-23", "impressions": 3800, "clicks": 261, "rpm": "1.65894600", "revenue": "3.36262180", "contract": [20]}}, {"model": "qchain.stat", "pk": 562, "fields": {"stat_date": "2017-07-24", "impressions": 2268, "clicks": 68, "rpm": "2.58573831", "revenue": "2.53494188", "contract": [20]}}, {"model": "qchain.stat", "pk": 563, "fields": {"stat_date": "2017-07-25", "impressions": 3684, "clicks": 770, "rpm": "0.68709684", "revenue": "3.41791265", "contract": [20]}}, {"model": "qchain.stat", "pk": 564, "fields": {"stat_date": "2017-07-26", "impressions": 1971, "clicks": 869, "rpm": "2.83923533", "revenue": "2.40410152", "contract": [20]}}, {"model": "qchain.stat", "pk": 565, "fields": {"stat_date": "2017-07-27", "impressions": 2381, "clicks": 428, "rpm": "1.24861348", "revenue": "2.52131748", "contract": [20]}}, {"model": "qchain.stat", "pk": 566, "fields": {"stat_date": "2017-07-28", "impressions": 3709, "clicks": 760, "rpm": "1.01487878", "revenue": "2.03003910", "contract": [20]}}, {"model": "qchain.stat", "pk": 567, "fields": {"stat_date": "2017-07-29", "impressions": 3668, "clicks": 113, "rpm": "4.40286323", "revenue": "2.55769642", "contract": [20]}}, {"model": "qchain.stat", "pk": 568, "fields": {"stat_date": "2017-07-30", "impressions": 4319, "clicks": 951, "rpm": "2.82094231", "revenue": "2.92038462", "contract": [20]}}, {"model": "qchain.stat", "pk": 569, "fields": {"stat_date": "2017-07-31", "impressions": 3388, "clicks": 360, "rpm": "4.82512189", "revenue": "3.55575391", "contract": [20]}}, {"model": "qchain.stat", "pk": 570, "fields": {"stat_date": "2017-07-21", "impressions": 1565, "clicks": 911, "rpm": "2.22288957", "revenue": "2.19024741", "contract": [21]}}, {"model": "qchain.stat", "pk": 571, "fields": {"stat_date": "2017-07-22", "impressions": 4884, "clicks": 539, "rpm": "0.79234102", "revenue": "0.77550231", "contract": [21]}}, {"model": "qchain.stat", "pk": 572, "fields": {"stat_date": "2017-07-23", "impressions": 3415, "clicks": 424, "rpm": "2.89828109", "revenue": "2.30013510", "contract": [21]}}, {"model": "qchain.stat", "pk": 573, "fields": {"stat_date": "2017-07-24", "impressions": 4260, "clicks": 39, "rpm": "2.81239673", "revenue": "2.07965130", "contract": [21]}}, {"model": "qchain.stat", "pk": 574, "fields": {"stat_date": "2017-07-25", "impressions": 550, "clicks": 660, "rpm": "0.69446817", "revenue": "2.55564380", "contract": [21]}}, {"model": "qchain.stat", "pk": 575, "fields": {"stat_date": "2017-07-26", "impressions": 1160, "clicks": 447, "rpm": "3.65278116", "revenue": "4.25265961", "contract": [21]}}, {"model": "qchain.stat", "pk": 576, "fields": {"stat_date": "2017-07-27", "impressions": 3440, "clicks": 723, "rpm": "2.96973959", "revenue": "3.53462645", "contract": [21]}}, {"model": "qchain.stat", "pk": 577, "fields": {"stat_date": "2017-07-28", "impressions": 581, "clicks": 331, "rpm": "0.68979906", "revenue": "1.89512207", "contract": [21]}}, {"model": "qchain.stat", "pk": 578, "fields": {"stat_date": "2017-07-29", "impressions": 2884, "clicks": 813, "rpm": "2.90804037", "revenue": "3.30006195", "contract": [21]}}, {"model": "qchain.stat", "pk": 579, "fields": {"stat_date": "2017-07-30", "impressions": 3703, "clicks": 640, "rpm": "2.48476174", "revenue": "2.31953435", "contract": [21]}}, {"model": "qchain.stat", "pk": 580, "fields": {"stat_date": "2017-07-31", "impressions": 292, "clicks": 313, "rpm": "1.99684626", "revenue": "2.11375123", "contract": [21]}}, {"model": "qchain.stat", "pk": 581, "fields": {"stat_date": "2017-07-21", "impressions": 901, "clicks": 237, "rpm": "2.13532202", "revenue": "1.54437481", "contract": [22]}}, {"model": "qchain.stat", "pk": 582, "fields": {"stat_date": "2017-07-22", "impressions": 4905, "clicks": 270, "rpm": "1.28570792", "revenue": "2.38252124", "contract": [22]}}, {"model": "qchain.stat", "pk": 583, "fields": {"stat_date": "2017-07-23", "impressions": 4025, "clicks": 407, "rpm": "2.22226828", "revenue": "2.34873098", "contract": [22]}}, {"model": "qchain.stat", "pk": 584, "fields": {"stat_date": "2017-07-24", "impressions": 4828, "clicks": 172, "rpm": "-0.00892772", "revenue": "3.73632525", "contract": [22]}}, {"model": "qchain.stat", "pk": 585, "fields": {"stat_date": "2017-07-25", "impressions": 135, "clicks": 598, "rpm": "0.96327394", "revenue": "1.79850056", "contract": [22]}}, {"model": "qchain.stat", "pk": 586, "fields": {"stat_date": "2017-07-26", "impressions": 3071, "clicks": 294, "rpm": "1.27240329", "revenue": "1.33222419", "contract": [22]}}, {"model": "qchain.stat", "pk": 587, "fields": {"stat_date": "2017-07-27", "impressions": 241, "clicks": 667, "rpm": "3.30620692", "revenue": "2.79021376", "contract": [22]}}, {"model": "qchain.stat", "pk": 588, "fields": {"stat_date": "2017-07-28", "impressions": 1379, "clicks": 895, "rpm": "2.27958859", "revenue": "3.54846767", "contract": [22]}}, {"model": "qchain.stat", "pk": 589, "fields": {"stat_date": "2017-07-29", "impressions": 1730, "clicks": 765, "rpm": "2.19380873", "revenue": "2.29189220", "contract": [22]}}, {"model": "qchain.stat", "pk": 590, "fields": {"stat_date": "2017-07-30", "impressions": 3941, "clicks": 546, "rpm": "1.37007382", "revenue": "4.50909544", "contract": [22]}}, {"model": "qchain.stat", "pk": 591, "fields": {"stat_date": "2017-07-31", "impressions": 4007, "clicks": 215, "rpm": "3.29257365", "revenue": "1.36045569", "contract": [22]}}, {"model": "qchain.stat", "pk": 592, "fields": {"stat_date": "2017-07-21", "impressions": 1747, "clicks": 275, "rpm": "2.21694521", "revenue": "1.82337700", "contract": [23]}}, {"model": "qchain.stat", "pk": 593, "fields": {"stat_date": "2017-07-22", "impressions": 1048, "clicks": 77, "rpm": "3.49470027", "revenue": "3.54638379", "contract": [23]}}, {"model": "qchain.stat", "pk": 594, "fields": {"stat_date": "2017-07-23", "impressions": 144, "clicks": 625, "rpm": "2.93897725", "revenue": "4.08154948", "contract": [23]}}, {"model": "qchain.stat", "pk": 595, "fields": {"stat_date": "2017-07-24", "impressions": 2993, "clicks": 547, "rpm": "2.63943148", "revenue": "2.51002390", "contract": [23]}}, {"model": "qchain.stat", "pk": 596, "fields": {"stat_date": "2017-07-25", "impressions": 168, "clicks": 665, "rpm": "2.64200260", "revenue": "1.55835153", "contract": [23]}}, {"model": "qchain.stat", "pk": 597, "fields": {"stat_date": "2017-07-26", "impressions": 349, "clicks": 32, "rpm": "1.82982066", "revenue": "2.58755955", "contract": [23]}}, {"model": "qchain.stat", "pk": 598, "fields": {"stat_date": "2017-07-27", "impressions": 1284, "clicks": 473, "rpm": "2.56288199", "revenue": "4.76941590", "contract": [23]}}, {"model": "qchain.stat", "pk": 599, "fields": {"stat_date": "2017-07-28", "impressions": 3851, "clicks": 626, "rpm": "3.51047415", "revenue": "2.34220905", "contract": [23]}}, {"model": "qchain.stat", "pk": 600, "fields": {"stat_date": "2017-07-29", "impressions": 2836, "clicks": 55, "rpm": "0.70172792", "revenue": "3.50580191", "contract": [23]}}, {"model": "qchain.stat", "pk": 601, "fields": {"stat_date": "2017-07-30", "impressions": 2555, "clicks": 821, "rpm": "2.72136850", "revenue": "3.22080678", "contract": [23]}}, {"model": "qchain.stat", "pk": 602, "fields": {"stat_date": "2017-07-31", "impressions": 4811, "clicks": 767, "rpm": "2.54625837", "revenue": "4.30199145", "contract": [23]}}, {"model": "qchain.stat", "pk": 603, "fields": {"stat_date": "2017-07-21", "impressions": 2761, "clicks": 30, "rpm": "1.18918827", "revenue": "3.68856650", "contract": [24]}}, {"model": "qchain.stat", "pk": 604, "fields": {"stat_date": "2017-07-22", "impressions": 1394, "clicks": 802, "rpm": "2.37984475", "revenue": "1.31361468", "contract": [24]}}, {"model": "qchain.stat", "pk": 605, "fields": {"stat_date": "2017-07-23", "impressions": 3815, "clicks": 511, "rpm": "2.83191913", "revenue": "1.21088040", "contract": [24]}}, {"model": "qchain.stat", "pk": 606, "fields": {"stat_date": "2017-07-24", "impressions": 3738, "clicks": 649, "rpm": "2.34088250", "revenue": "2.33631740", "contract": [24]}}, {"model": "qchain.stat", "pk": 607, "fields": {"stat_date": "2017-07-25", "impressions": 969, "clicks": 439, "rpm": "3.11627786", "revenue": "2.05655434", "contract": [24]}}, {"model": "qchain.stat", "pk": 608, "fields": {"stat_date": "2017-07-26", "impressions": 970, "clicks": 465, "rpm": "2.74050445", "revenue": "2.21913619", "contract": [24]}}, {"model": "qchain.stat", "pk": 609, "fields": {"stat_date": "2017-07-27", "impressions": 3848, "clicks": 13, "rpm": "3.83614651", "revenue": "1.91028697", "contract": [24]}}, {"model": "qchain.stat", "pk": 610, "fields": {"stat_date": "2017-07-28", "impressions": 2135, "clicks": 730, "rpm": "2.47843276", "revenue": "1.94542154", "contract": [24]}}, {"model": "qchain.stat", "pk": 611, "fields": {"stat_date": "2017-07-29", "impressions": 1589, "clicks": 814, "rpm": "1.05544942", "revenue": "2.87521091", "contract": [24]}}, {"model": "qchain.stat", "pk": 612, "fields": {"stat_date": "2017-07-30", "impressions": 192, "clicks": 331, "rpm": "3.31643996", "revenue": "3.52823894", "contract": [24]}}, {"model": "qchain.stat", "pk": 613, "fields": {"stat_date": "2017-07-31", "impressions": 4306, "clicks": 419, "rpm": "1.90117626", "revenue": "2.58881117", "contract": [24]}}, {"model": "qchain.stat", "pk": 614, "fields": {"stat_date": "2017-07-21", "impressions": 1733, "clicks": 936, "rpm": "3.69448642", "revenue": "1.43733787", "contract": [25]}}, {"model": "qchain.stat", "pk": 615, "fields": {"stat_date": "2017-07-22", "impressions": 1650, "clicks": 371, "rpm": "1.88372181", "revenue": "3.39150103", "contract": [25]}}, {"model": "qchain.stat", "pk": 616, "fields": {"stat_date": "2017-07-23", "impressions": 2343, "clicks": 129, "rpm": "3.15366602", "revenue": "3.15032744", "contract": [25]}}, {"model": "qchain.stat", "pk": 617, "fields": {"stat_date": "2017-07-24", "impressions": 3240, "clicks": 529, "rpm": "0.85511143", "revenue": "2.49514152", "contract": [25]}}, {"model": "qchain.stat", "pk": 618, "fields": {"stat_date": "2017-07-25", "impressions": 716, "clicks": 600, "rpm": "3.40756278", "revenue": "4.11987677", "contract": [25]}}, {"model": "qchain.stat", "pk": 619, "fields": {"stat_date": "2017-07-26", "impressions": 2003, "clicks": 311, "rpm": "2.19178783", "revenue": "1.86607869", "contract": [25]}}, {"model": "qchain.stat", "pk": 620, "fields": {"stat_date": "2017-07-27", "impressions": 4601, "clicks": 631, "rpm": "2.24700928", "revenue": "2.58980840", "contract": [25]}}, {"model": "qchain.stat", "pk": 621, "fields": {"stat_date": "2017-07-28", "impressions": 4216, "clicks": 850, "rpm": "2.16174885", "revenue": "4.36067901", "contract": [25]}}, {"model": "qchain.stat", "pk": 622, "fields": {"stat_date": "2017-07-29", "impressions": 4775, "clicks": 13, "rpm": "3.51853773", "revenue": "3.96159806", "contract": [25]}}, {"model": "qchain.stat", "pk": 623, "fields": {"stat_date": "2017-07-30", "impressions": 2518, "clicks": 784, "rpm": "2.32000868", "revenue": "3.45336797", "contract": [25]}}, {"model": "qchain.stat", "pk": 624, "fields": {"stat_date": "2017-07-31", "impressions": 3036, "clicks": 696, "rpm": "1.69160707", "revenue": "1.73866620", "contract": [25]}}, {"model": "qchain.stat", "pk": 625, "fields": {"stat_date": "2017-08-01", "impressions": 2456, "clicks": 231, "rpm": "1.21354656", "revenue": "3.55017273", "contract": [16]}}, {"model": "qchain.stat", "pk": 626, "fields": {"stat_date": "2017-08-02", "impressions": 2976, "clicks": 54, "rpm": "0.42703951", "revenue": "1.89793254", "contract": [16]}}, {"model": "qchain.stat", "pk": 627, "fields": {"stat_date": "2017-08-03", "impressions": 1960, "clicks": 964, "rpm": "3.00057199", "revenue": "2.78944573", "contract": [16]}}, {"model": "qchain.stat", "pk": 628, "fields": {"stat_date": "2017-08-04", "impressions": 4238, "clicks": 578, "rpm": "1.91142704", "revenue": "3.49190992", "contract": [16]}}, {"model": "qchain.stat", "pk": 629, "fields": {"stat_date": "2017-08-05", "impressions": 1206, "clicks": 666, "rpm": "1.85464018", "revenue": "3.56614329", "contract": [16]}}, {"model": "qchain.stat", "pk": 630, "fields": {"stat_date": "2017-08-06", "impressions": 229, "clicks": 712, "rpm": "2.00791237", "revenue": "2.72162663", "contract": [16]}}, {"model": "qchain.stat", "pk": 631, "fields": {"stat_date": "2017-08-07", "impressions": 3674, "clicks": 718, "rpm": "1.97310435", "revenue": "4.01512372", "contract": [16]}}, {"model": "qchain.stat", "pk": 632, "fields": {"stat_date": "2017-08-08", "impressions": 3306, "clicks": 694, "rpm": "3.40115118", "revenue": "2.37965516", "contract": [16]}}, {"model": "qchain.stat", "pk": 633, "fields": {"stat_date": "2017-08-09", "impressions": 3480, "clicks": 159, "rpm": "2.10146633", "revenue": "3.36654912", "contract": [16]}}, {"model": "qchain.stat", "pk": 634, "fields": {"stat_date": "2017-08-10", "impressions": 3289, "clicks": 198, "rpm": "1.21731561", "revenue": "2.59191794", "contract": [16]}}, {"model": "qchain.stat", "pk": 635, "fields": {"stat_date": "2017-08-11", "impressions": 2000, "clicks": 660, "rpm": "2.83476171", "revenue": "4.48573407", "contract": [16]}}, {"model": "qchain.stat", "pk": 636, "fields": {"stat_date": "2017-08-12", "impressions": 4370, "clicks": 587, "rpm": "0.74713778", "revenue": "2.72497096", "contract": [16]}}, {"model": "qchain.stat", "pk": 637, "fields": {"stat_date": "2017-08-13", "impressions": 1860, "clicks": 198, "rpm": "2.66834478", "revenue": "2.17556306", "contract": [16]}}, {"model": "qchain.stat", "pk": 638, "fields": {"stat_date": "2017-08-14", "impressions": 3694, "clicks": 924, "rpm": "3.44090227", "revenue": "3.03574078", "contract": [16]}}, {"model": "qchain.stat", "pk": 639, "fields": {"stat_date": "2017-08-15", "impressions": 748, "clicks": 831, "rpm": "0.83940989", "revenue": "2.65726254", "contract": [16]}}, {"model": "qchain.stat", "pk": 640, "fields": {"stat_date": "2017-08-16", "impressions": 2877, "clicks": 546, "rpm": "1.18614775", "revenue": "3.54601786", "contract": [16]}}, {"model": "qchain.stat", "pk": 641, "fields": {"stat_date": "2017-08-17", "impressions": 2708, "clicks": 962, "rpm": "2.51620282", "revenue": "2.58302683", "contract": [16]}}, {"model": "qchain.stat", "pk": 642, "fields": {"stat_date": "2017-08-18", "impressions": 1236, "clicks": 416, "rpm": "1.61255083", "revenue": "3.99697872", "contract": [16]}}, {"model": "qchain.stat", "pk": 643, "fields": {"stat_date": "2017-08-19", "impressions": 1995, "clicks": 98, "rpm": "0.84560302", "revenue": "2.92449108", "contract": [16]}}, {"model": "qchain.stat", "pk": 644, "fields": {"stat_date": "2017-08-20", "impressions": 2437, "clicks": 827, "rpm": "0.89606445", "revenue": "2.56967223", "contract": [16]}}, {"model": "qchain.stat", "pk": 645, "fields": {"stat_date": "2017-08-21", "impressions": 4988, "clicks": 846, "rpm": "2.02685222", "revenue": "2.30422813", "contract": [16]}}, {"model": "qchain.stat", "pk": 646, "fields": {"stat_date": "2017-08-22", "impressions": 2173, "clicks": 906, "rpm": "2.83053593", "revenue": "3.39261283", "contract": [16]}}, {"model": "qchain.stat", "pk": 647, "fields": {"stat_date": "2017-08-23", "impressions": 1404, "clicks": 91, "rpm": "2.29871342", "revenue": "3.81859780", "contract": [16]}}, {"model": "qchain.stat", "pk": 648, "fields": {"stat_date": "2017-08-24", "impressions": 1849, "clicks": 66, "rpm": "1.25104138", "revenue": "3.28014896", "contract": [16]}}, {"model": "qchain.stat", "pk": 649, "fields": {"stat_date": "2017-08-25", "impressions": 4476, "clicks": 216, "rpm": "3.50581549", "revenue": "2.88213615", "contract": [16]}}, {"model": "qchain.stat", "pk": 650, "fields": {"stat_date": "2017-08-26", "impressions": 4560, "clicks": 134, "rpm": "0.58860645", "revenue": "1.03572730", "contract": [16]}}, {"model": "qchain.stat", "pk": 651, "fields": {"stat_date": "2017-08-27", "impressions": 2802, "clicks": 719, "rpm": "0.91200056", "revenue": "2.48395515", "contract": [16]}}, {"model": "qchain.stat", "pk": 652, "fields": {"stat_date": "2017-08-28", "impressions": 2650, "clicks": 316, "rpm": "2.24419592", "revenue": "3.05609259", "contract": [16]}}, {"model": "qchain.stat", "pk": 653, "fields": {"stat_date": "2017-08-29", "impressions": 2030, "clicks": 97, "rpm": "1.26647887", "revenue": "2.95387146", "contract": [16]}}, {"model": "qchain.stat", "pk": 654, "fields": {"stat_date": "2017-08-30", "impressions": 2488, "clicks": 871, "rpm": "1.56563154", "revenue": "3.24199498", "contract": [16]}}, {"model": "qchain.stat", "pk": 655, "fields": {"stat_date": "2017-08-31", "impressions": 2559, "clicks": 811, "rpm": "3.64046476", "revenue": "3.36664746", "contract": [16]}}, {"model": "qchain.stat", "pk": 656, "fields": {"stat_date": "2017-08-01", "impressions": 3948, "clicks": 467, "rpm": "2.49009346", "revenue": "2.33659323", "contract": [17]}}, {"model": "qchain.stat", "pk": 657, "fields": {"stat_date": "2017-08-02", "impressions": 1013, "clicks": 125, "rpm": "1.04641542", "revenue": "1.56166541", "contract": [17]}}, {"model": "qchain.stat", "pk": 658, "fields": {"stat_date": "2017-08-03", "impressions": 2931, "clicks": 218, "rpm": "2.86007064", "revenue": "1.92666905", "contract": [17]}}, {"model": "qchain.stat", "pk": 659, "fields": {"stat_date": "2017-08-04", "impressions": 3205, "clicks": 199, "rpm": "2.24484533", "revenue": "3.75841043", "contract": [17]}}, {"model": "qchain.stat", "pk": 660, "fields": {"stat_date": "2017-08-05", "impressions": 3401, "clicks": 829, "rpm": "2.51385445", "revenue": "4.46580269", "contract": [17]}}, {"model": "qchain.stat", "pk": 661, "fields": {"stat_date": "2017-08-06", "impressions": 1554, "clicks": 657, "rpm": "1.50923214", "revenue": "1.24059019", "contract": [17]}}, {"model": "qchain.stat", "pk": 662, "fields": {"stat_date": "2017-08-07", "impressions": 69, "clicks": 871, "rpm": "2.03278356", "revenue": "3.97763110", "contract": [17]}}, {"model": "qchain.stat", "pk": 663, "fields": {"stat_date": "2017-08-08", "impressions": 3482, "clicks": 704, "rpm": "2.81157810", "revenue": "1.84350376", "contract": [17]}}, {"model": "qchain.stat", "pk": 664, "fields": {"stat_date": "2017-08-09", "impressions": 2551, "clicks": 572, "rpm": "1.21443925", "revenue": "3.03824124", "contract": [17]}}, {"model": "qchain.stat", "pk": 665, "fields": {"stat_date": "2017-08-10", "impressions": 3608, "clicks": 632, "rpm": "1.43912649", "revenue": "2.82887483", "contract": [17]}}, {"model": "qchain.stat", "pk": 666, "fields": {"stat_date": "2017-08-11", "impressions": 3167, "clicks": 47, "rpm": "2.85577332", "revenue": "4.29033794", "contract": [17]}}, {"model": "qchain.stat", "pk": 667, "fields": {"stat_date": "2017-08-12", "impressions": 1676, "clicks": 48, "rpm": "3.34044759", "revenue": "3.80628189", "contract": [17]}}, {"model": "qchain.stat", "pk": 668, "fields": {"stat_date": "2017-08-13", "impressions": 2071, "clicks": 319, "rpm": "2.17900618", "revenue": "2.49370720", "contract": [17]}}, {"model": "qchain.stat", "pk": 669, "fields": {"stat_date": "2017-08-14", "impressions": 2330, "clicks": 399, "rpm": "2.21626895", "revenue": "3.22764867", "contract": [17]}}, {"model": "qchain.stat", "pk": 670, "fields": {"stat_date": "2017-08-15", "impressions": 1516, "clicks": 857, "rpm": "0.95283325", "revenue": "3.04183911", "contract": [17]}}, {"model": "qchain.stat", "pk": 671, "fields": {"stat_date": "2017-08-16", "impressions": 379, "clicks": 427, "rpm": "1.38000484", "revenue": "2.19231182", "contract": [17]}}, {"model": "qchain.stat", "pk": 672, "fields": {"stat_date": "2017-08-17", "impressions": 390, "clicks": 470, "rpm": "2.74980824", "revenue": "3.81512870", "contract": [17]}}, {"model": "qchain.stat", "pk": 673, "fields": {"stat_date": "2017-08-18", "impressions": 3580, "clicks": 837, "rpm": "3.85412831", "revenue": "3.35156996", "contract": [17]}}, {"model": "qchain.stat", "pk": 674, "fields": {"stat_date": "2017-08-19", "impressions": 248, "clicks": 149, "rpm": "1.52906497", "revenue": "2.18097249", "contract": [17]}}, {"model": "qchain.stat", "pk": 675, "fields": {"stat_date": "2017-08-20", "impressions": 112, "clicks": 905, "rpm": "1.87538481", "revenue": "2.56274838", "contract": [17]}}, {"model": "qchain.stat", "pk": 676, "fields": {"stat_date": "2017-08-21", "impressions": 1880, "clicks": 152, "rpm": "2.69742953", "revenue": "-0.08657167", "contract": [17]}}, {"model": "qchain.stat", "pk": 677, "fields": {"stat_date": "2017-08-22", "impressions": 1707, "clicks": 205, "rpm": "2.10151576", "revenue": "4.10099399", "contract": [17]}}, {"model": "qchain.stat", "pk": 678, "fields": {"stat_date": "2017-08-23", "impressions": 983, "clicks": 693, "rpm": "1.41238551", "revenue": "2.80705704", "contract": [17]}}, {"model": "qchain.stat", "pk": 679, "fields": {"stat_date": "2017-08-24", "impressions": 277, "clicks": 309, "rpm": "2.06698305", "revenue": "2.79835341", "contract": [17]}}, {"model": "qchain.stat", "pk": 680, "fields": {"stat_date": "2017-08-25", "impressions": 2919, "clicks": 713, "rpm": "4.99428627", "revenue": "2.93966760", "contract": [17]}}, {"model": "qchain.stat", "pk": 681, "fields": {"stat_date": "2017-08-26", "impressions": 2913, "clicks": 528, "rpm": "0.76524075", "revenue": "4.59945982", "contract": [17]}}, {"model": "qchain.stat", "pk": 682, "fields": {"stat_date": "2017-08-27", "impressions": 3985, "clicks": 268, "rpm": "0.97813423", "revenue": "3.52048869", "contract": [17]}}, {"model": "qchain.stat", "pk": 683, "fields": {"stat_date": "2017-08-28", "impressions": 1772, "clicks": 29, "rpm": "1.56548822", "revenue": "4.28908767", "contract": [17]}}, {"model": "qchain.stat", "pk": 684, "fields": {"stat_date": "2017-08-29", "impressions": 4653, "clicks": 188, "rpm": "3.56391812", "revenue": "2.50682393", "contract": [17]}}, {"model": "qchain.stat", "pk": 685, "fields": {"stat_date": "2017-08-30", "impressions": 3652, "clicks": 981, "rpm": "0.85944500", "revenue": "4.33746338", "contract": [17]}}, {"model": "qchain.stat", "pk": 686, "fields": {"stat_date": "2017-08-31", "impressions": 3788, "clicks": 761, "rpm": "1.26970256", "revenue": "2.44870832", "contract": [17]}}, {"model": "qchain.stat", "pk": 687, "fields": {"stat_date": "2017-08-01", "impressions": 3492, "clicks": 163, "rpm": "2.75843207", "revenue": "1.93300542", "contract": [18]}}, {"model": "qchain.stat", "pk": 688, "fields": {"stat_date": "2017-08-02", "impressions": 3562, "clicks": 79, "rpm": "0.52230489", "revenue": "4.61713917", "contract": [18]}}, {"model": "qchain.stat", "pk": 689, "fields": {"stat_date": "2017-08-03", "impressions": 4570, "clicks": 101, "rpm": "2.25477221", "revenue": "2.88468980", "contract": [18]}}, {"model": "qchain.stat", "pk": 690, "fields": {"stat_date": "2017-08-04", "impressions": 3800, "clicks": 570, "rpm": "3.24396959", "revenue": "1.67564739", "contract": [18]}}, {"model": "qchain.stat", "pk": 691, "fields": {"stat_date": "2017-08-05", "impressions": 435, "clicks": 733, "rpm": "1.90798080", "revenue": "3.12616491", "contract": [18]}}, {"model": "qchain.stat", "pk": 692, "fields": {"stat_date": "2017-08-06", "impressions": 3109, "clicks": 890, "rpm": "3.12394904", "revenue": "3.83939908", "contract": [18]}}, {"model": "qchain.stat", "pk": 693, "fields": {"stat_date": "2017-08-07", "impressions": 4292, "clicks": 751, "rpm": "1.84033676", "revenue": "4.28969589", "contract": [18]}}, {"model": "qchain.stat", "pk": 694, "fields": {"stat_date": "2017-08-08", "impressions": 1644, "clicks": 493, "rpm": "0.66715358", "revenue": "4.49987074", "contract": [18]}}, {"model": "qchain.stat", "pk": 695, "fields": {"stat_date": "2017-08-09", "impressions": 1587, "clicks": 547, "rpm": "1.71211123", "revenue": "4.13949839", "contract": [18]}}, {"model": "qchain.stat", "pk": 696, "fields": {"stat_date": "2017-08-10", "impressions": 470, "clicks": 819, "rpm": "1.14777661", "revenue": "1.22620764", "contract": [18]}}, {"model": "qchain.stat", "pk": 697, "fields": {"stat_date": "2017-08-11", "impressions": 2769, "clicks": 904, "rpm": "1.34461819", "revenue": "4.42430884", "contract": [18]}}, {"model": "qchain.stat", "pk": 698, "fields": {"stat_date": "2017-08-12", "impressions": 878, "clicks": 430, "rpm": "4.18208482", "revenue": "1.17549444", "contract": [18]}}, {"model": "qchain.stat", "pk": 699, "fields": {"stat_date": "2017-08-13", "impressions": 1214, "clicks": 702, "rpm": "3.56605503", "revenue": "2.68718564", "contract": [18]}}, {"model": "qchain.stat", "pk": 700, "fields": {"stat_date": "2017-08-14", "impressions": 2947, "clicks": 58, "rpm": "2.96780688", "revenue": "3.09393629", "contract": [18]}}, {"model": "qchain.stat", "pk": 701, "fields": {"stat_date": "2017-08-15", "impressions": 2485, "clicks": 135, "rpm": "0.65248354", "revenue": "0.53290976", "contract": [18]}}, {"model": "qchain.stat", "pk": 702, "fields": {"stat_date": "2017-08-16", "impressions": 2183, "clicks": 861, "rpm": "2.29780584", "revenue": "0.83141496", "contract": [18]}}, {"model": "qchain.stat", "pk": 703, "fields": {"stat_date": "2017-08-17", "impressions": 2967, "clicks": 305, "rpm": "1.58397982", "revenue": "3.42064251", "contract": [18]}}, {"model": "qchain.stat", "pk": 704, "fields": {"stat_date": "2017-08-18", "impressions": 3214, "clicks": 100, "rpm": "2.22043437", "revenue": "1.97556102", "contract": [18]}}, {"model": "qchain.stat", "pk": 705, "fields": {"stat_date": "2017-08-19", "impressions": 3699, "clicks": 676, "rpm": "3.45091963", "revenue": "3.29491237", "contract": [18]}}, {"model": "qchain.stat", "pk": 706, "fields": {"stat_date": "2017-08-20", "impressions": 1172, "clicks": 3, "rpm": "2.21245409", "revenue": "4.97632917", "contract": [18]}}, {"model": "qchain.stat", "pk": 707, "fields": {"stat_date": "2017-08-21", "impressions": 4482, "clicks": 588, "rpm": "2.54449184", "revenue": "4.37328143", "contract": [18]}}, {"model": "qchain.stat", "pk": 708, "fields": {"stat_date": "2017-08-22", "impressions": 1189, "clicks": 596, "rpm": "2.25028530", "revenue": "4.46452113", "contract": [18]}}, {"model": "qchain.stat", "pk": 709, "fields": {"stat_date": "2017-08-23", "impressions": 4490, "clicks": 752, "rpm": "3.15229930", "revenue": "2.88391311", "contract": [18]}}, {"model": "qchain.stat", "pk": 710, "fields": {"stat_date": "2017-08-24", "impressions": 1037, "clicks": 934, "rpm": "2.44643247", "revenue": "1.01310777", "contract": [18]}}, {"model": "qchain.stat", "pk": 711, "fields": {"stat_date": "2017-08-25", "impressions": 2814, "clicks": 89, "rpm": "2.24807312", "revenue": "2.15690311", "contract": [18]}}, {"model": "qchain.stat", "pk": 712, "fields": {"stat_date": "2017-08-26", "impressions": 1220, "clicks": 665, "rpm": "0.21571032", "revenue": "0.98967374", "contract": [18]}}, {"model": "qchain.stat", "pk": 713, "fields": {"stat_date": "2017-08-27", "impressions": 586, "clicks": 224, "rpm": "3.28539509", "revenue": "2.50275598", "contract": [18]}}, {"model": "qchain.stat", "pk": 714, "fields": {"stat_date": "2017-08-28", "impressions": 1502, "clicks": 494, "rpm": "2.88881016", "revenue": "2.55543226", "contract": [18]}}, {"model": "qchain.stat", "pk": 715, "fields": {"stat_date": "2017-08-29", "impressions": 3593, "clicks": 176, "rpm": "0.99713944", "revenue": "4.20841829", "contract": [18]}}, {"model": "qchain.stat", "pk": 716, "fields": {"stat_date": "2017-08-30", "impressions": 3600, "clicks": 478, "rpm": "-0.01589839", "revenue": "3.78573336", "contract": [18]}}, {"model": "qchain.stat", "pk": 717, "fields": {"stat_date": "2017-08-31", "impressions": 1531, "clicks": 653, "rpm": "1.67519480", "revenue": "3.07996855", "contract": [18]}}, {"model": "qchain.stat", "pk": 718, "fields": {"stat_date": "2017-08-01", "impressions": 2790, "clicks": 409, "rpm": "2.73662364", "revenue": "5.16143818", "contract": [19]}}, {"model": "qchain.stat", "pk": 719, "fields": {"stat_date": "2017-08-02", "impressions": 1362, "clicks": 562, "rpm": "0.61587326", "revenue": "3.69491044", "contract": [19]}}, {"model": "qchain.stat", "pk": 720, "fields": {"stat_date": "2017-08-03", "impressions": 565, "clicks": 868, "rpm": "2.22935224", "revenue": "1.45862692", "contract": [19]}}, {"model": "qchain.stat", "pk": 721, "fields": {"stat_date": "2017-08-04", "impressions": 1558, "clicks": 951, "rpm": "1.22646516", "revenue": "2.38819820", "contract": [19]}}, {"model": "qchain.stat", "pk": 722, "fields": {"stat_date": "2017-08-05", "impressions": 3733, "clicks": 974, "rpm": "2.82899276", "revenue": "4.03397448", "contract": [19]}}, {"model": "qchain.stat", "pk": 723, "fields": {"stat_date": "2017-08-06", "impressions": 888, "clicks": 163, "rpm": "1.76151792", "revenue": "3.37888419", "contract": [19]}}, {"model": "qchain.stat", "pk": 724, "fields": {"stat_date": "2017-08-07", "impressions": 792, "clicks": 600, "rpm": "2.99976167", "revenue": "1.92438519", "contract": [19]}}, {"model": "qchain.stat", "pk": 725, "fields": {"stat_date": "2017-08-08", "impressions": 2294, "clicks": 642, "rpm": "0.93769628", "revenue": "3.17752762", "contract": [19]}}, {"model": "qchain.stat", "pk": 726, "fields": {"stat_date": "2017-08-09", "impressions": 3656, "clicks": 820, "rpm": "3.28718828", "revenue": "3.94983818", "contract": [19]}}, {"model": "qchain.stat", "pk": 727, "fields": {"stat_date": "2017-08-10", "impressions": 2487, "clicks": 291, "rpm": "1.01627039", "revenue": "3.29851227", "contract": [19]}}, {"model": "qchain.stat", "pk": 728, "fields": {"stat_date": "2017-08-11", "impressions": 722, "clicks": 633, "rpm": "4.04850641", "revenue": "3.55054323", "contract": [19]}}, {"model": "qchain.stat", "pk": 729, "fields": {"stat_date": "2017-08-12", "impressions": 2961, "clicks": 572, "rpm": "0.35281287", "revenue": "4.53751368", "contract": [19]}}, {"model": "qchain.stat", "pk": 730, "fields": {"stat_date": "2017-08-13", "impressions": 2878, "clicks": 935, "rpm": "-0.08673684", "revenue": "3.26723792", "contract": [19]}}, {"model": "qchain.stat", "pk": 731, "fields": {"stat_date": "2017-08-14", "impressions": 3168, "clicks": 793, "rpm": "1.58085265", "revenue": "4.01829734", "contract": [19]}}, {"model": "qchain.stat", "pk": 732, "fields": {"stat_date": "2017-08-15", "impressions": 4934, "clicks": 426, "rpm": "1.70640980", "revenue": "1.02407157", "contract": [19]}}, {"model": "qchain.stat", "pk": 733, "fields": {"stat_date": "2017-08-16", "impressions": 3826, "clicks": 71, "rpm": "0.85668148", "revenue": "3.02143134", "contract": [19]}}, {"model": "qchain.stat", "pk": 734, "fields": {"stat_date": "2017-08-17", "impressions": 766, "clicks": 85, "rpm": "4.19219850", "revenue": "2.66867014", "contract": [19]}}, {"model": "qchain.stat", "pk": 735, "fields": {"stat_date": "2017-08-18", "impressions": 4139, "clicks": 45, "rpm": "1.32866220", "revenue": "3.23951838", "contract": [19]}}, {"model": "qchain.stat", "pk": 736, "fields": {"stat_date": "2017-08-19", "impressions": 905, "clicks": 33, "rpm": "2.30129176", "revenue": "3.89937957", "contract": [19]}}, {"model": "qchain.stat", "pk": 737, "fields": {"stat_date": "2017-08-20", "impressions": 700, "clicks": 811, "rpm": "2.72060632", "revenue": "1.40764375", "contract": [19]}}, {"model": "qchain.stat", "pk": 738, "fields": {"stat_date": "2017-08-21", "impressions": 1208, "clicks": 0, "rpm": "2.86908355", "revenue": "5.33047230", "contract": [19]}}, {"model": "qchain.stat", "pk": 739, "fields": {"stat_date": "2017-08-22", "impressions": 3883, "clicks": 856, "rpm": "4.34590666", "revenue": "2.84359994", "contract": [19]}}, {"model": "qchain.stat", "pk": 740, "fields": {"stat_date": "2017-08-23", "impressions": 1435, "clicks": 222, "rpm": "3.83561164", "revenue": "3.12946401", "contract": [19]}}, {"model": "qchain.stat", "pk": 741, "fields": {"stat_date": "2017-08-24", "impressions": 934, "clicks": 446, "rpm": "2.02351600", "revenue": "3.25444089", "contract": [19]}}, {"model": "qchain.stat", "pk": 742, "fields": {"stat_date": "2017-08-25", "impressions": 1430, "clicks": 669, "rpm": "0.57171337", "revenue": "1.84164124", "contract": [19]}}, {"model": "qchain.stat", "pk": 743, "fields": {"stat_date": "2017-08-26", "impressions": 4692, "clicks": 577, "rpm": "2.08065552", "revenue": "3.29588987", "contract": [19]}}, {"model": "qchain.stat", "pk": 744, "fields": {"stat_date": "2017-08-27", "impressions": 4177, "clicks": 380, "rpm": "1.76904285", "revenue": "0.98418268", "contract": [19]}}, {"model": "qchain.stat", "pk": 745, "fields": {"stat_date": "2017-08-28", "impressions": 447, "clicks": 359, "rpm": "1.82913832", "revenue": "3.18608844", "contract": [19]}}, {"model": "qchain.stat", "pk": 746, "fields": {"stat_date": "2017-08-29", "impressions": 3094, "clicks": 514, "rpm": "0.99552018", "revenue": "0.79766309", "contract": [19]}}, {"model": "qchain.stat", "pk": 747, "fields": {"stat_date": "2017-08-30", "impressions": 4084, "clicks": 843, "rpm": "0.85894640", "revenue": "2.92137558", "contract": [19]}}, {"model": "qchain.stat", "pk": 748, "fields": {"stat_date": "2017-08-31", "impressions": 2396, "clicks": 374, "rpm": "3.32785749", "revenue": "2.18330948", "contract": [19]}}, {"model": "qchain.stat", "pk": 749, "fields": {"stat_date": "2017-08-01", "impressions": 3461, "clicks": 338, "rpm": "3.18139908", "revenue": "3.04979831", "contract": [20]}}, {"model": "qchain.stat", "pk": 750, "fields": {"stat_date": "2017-08-02", "impressions": 3091, "clicks": 759, "rpm": "1.01202629", "revenue": "2.90426028", "contract": [20]}}, {"model": "qchain.stat", "pk": 751, "fields": {"stat_date": "2017-08-03", "impressions": 3575, "clicks": 475, "rpm": "2.62949250", "revenue": "4.84478698", "contract": [20]}}, {"model": "qchain.stat", "pk": 752, "fields": {"stat_date": "2017-08-04", "impressions": 3854, "clicks": 493, "rpm": "0.88306593", "revenue": "1.83806005", "contract": [20]}}, {"model": "qchain.stat", "pk": 753, "fields": {"stat_date": "2017-08-05", "impressions": 3686, "clicks": 933, "rpm": "2.23847566", "revenue": "2.90857804", "contract": [20]}}, {"model": "qchain.stat", "pk": 754, "fields": {"stat_date": "2017-08-06", "impressions": 116, "clicks": 678, "rpm": "2.47956892", "revenue": "3.10829196", "contract": [20]}}, {"model": "qchain.stat", "pk": 755, "fields": {"stat_date": "2017-08-07", "impressions": 4200, "clicks": 665, "rpm": "2.24726155", "revenue": "3.33881792", "contract": [20]}}, {"model": "qchain.stat", "pk": 756, "fields": {"stat_date": "2017-08-08", "impressions": 4850, "clicks": 263, "rpm": "1.64267150", "revenue": "1.64140480", "contract": [20]}}, {"model": "qchain.stat", "pk": 757, "fields": {"stat_date": "2017-08-09", "impressions": 2890, "clicks": 794, "rpm": "3.07847162", "revenue": "1.73846281", "contract": [20]}}, {"model": "qchain.stat", "pk": 758, "fields": {"stat_date": "2017-08-10", "impressions": 2729, "clicks": 172, "rpm": "2.19482279", "revenue": "3.57456541", "contract": [20]}}, {"model": "qchain.stat", "pk": 759, "fields": {"stat_date": "2017-08-11", "impressions": 3383, "clicks": 735, "rpm": "2.07957701", "revenue": "1.76968622", "contract": [20]}}, {"model": "qchain.stat", "pk": 760, "fields": {"stat_date": "2017-08-12", "impressions": 3663, "clicks": 21, "rpm": "2.22967963", "revenue": "1.75292058", "contract": [20]}}, {"model": "qchain.stat", "pk": 761, "fields": {"stat_date": "2017-08-13", "impressions": 712, "clicks": 373, "rpm": "2.24502360", "revenue": "3.54446499", "contract": [20]}}, {"model": "qchain.stat", "pk": 762, "fields": {"stat_date": "2017-08-14", "impressions": 1584, "clicks": 44, "rpm": "0.75427159", "revenue": "2.36991542", "contract": [20]}}, {"model": "qchain.stat", "pk": 763, "fields": {"stat_date": "2017-08-15", "impressions": 3551, "clicks": 887, "rpm": "1.97673019", "revenue": "3.75504317", "contract": [20]}}, {"model": "qchain.stat", "pk": 764, "fields": {"stat_date": "2017-08-16", "impressions": 1505, "clicks": 270, "rpm": "2.45979479", "revenue": "3.04651895", "contract": [20]}}, {"model": "qchain.stat", "pk": 765, "fields": {"stat_date": "2017-08-17", "impressions": 3628, "clicks": 866, "rpm": "2.65142084", "revenue": "4.38476588", "contract": [20]}}, {"model": "qchain.stat", "pk": 766, "fields": {"stat_date": "2017-08-18", "impressions": 2004, "clicks": 225, "rpm": "0.64786587", "revenue": "2.47971953", "contract": [20]}}, {"model": "qchain.stat", "pk": 767, "fields": {"stat_date": "2017-08-19", "impressions": 2762, "clicks": 218, "rpm": "1.60416551", "revenue": "3.19929189", "contract": [20]}}, {"model": "qchain.stat", "pk": 768, "fields": {"stat_date": "2017-08-20", "impressions": 1176, "clicks": 881, "rpm": "1.39439709", "revenue": "4.13318165", "contract": [20]}}, {"model": "qchain.stat", "pk": 769, "fields": {"stat_date": "2017-08-21", "impressions": 3600, "clicks": 855, "rpm": "2.83761731", "revenue": "2.21972279", "contract": [20]}}, {"model": "qchain.stat", "pk": 770, "fields": {"stat_date": "2017-08-22", "impressions": 2977, "clicks": 549, "rpm": "1.51112430", "revenue": "3.61489498", "contract": [20]}}, {"model": "qchain.stat", "pk": 771, "fields": {"stat_date": "2017-08-23", "impressions": 2425, "clicks": 612, "rpm": "2.91609680", "revenue": "2.63966478", "contract": [20]}}, {"model": "qchain.stat", "pk": 772, "fields": {"stat_date": "2017-08-24", "impressions": 2782, "clicks": 655, "rpm": "1.09466359", "revenue": "3.31137912", "contract": [20]}}, {"model": "qchain.stat", "pk": 773, "fields": {"stat_date": "2017-08-25", "impressions": 4422, "clicks": 705, "rpm": "2.78761221", "revenue": "2.84504739", "contract": [20]}}, {"model": "qchain.stat", "pk": 774, "fields": {"stat_date": "2017-08-26", "impressions": 2231, "clicks": 171, "rpm": "2.72140451", "revenue": "3.13400451", "contract": [20]}}, {"model": "qchain.stat", "pk": 775, "fields": {"stat_date": "2017-08-27", "impressions": 1531, "clicks": 272, "rpm": "2.70265505", "revenue": "2.53759795", "contract": [20]}}, {"model": "qchain.stat", "pk": 776, "fields": {"stat_date": "2017-08-28", "impressions": 4859, "clicks": 527, "rpm": "0.92983760", "revenue": "-0.14726712", "contract": [20]}}, {"model": "qchain.stat", "pk": 777, "fields": {"stat_date": "2017-08-29", "impressions": 3498, "clicks": 338, "rpm": "3.01201232", "revenue": "3.45897694", "contract": [20]}}, {"model": "qchain.stat", "pk": 778, "fields": {"stat_date": "2017-08-30", "impressions": 3387, "clicks": 100, "rpm": "3.93949140", "revenue": "1.56758695", "contract": [20]}}, {"model": "qchain.stat", "pk": 779, "fields": {"stat_date": "2017-08-31", "impressions": 599, "clicks": 895, "rpm": "2.91246237", "revenue": "4.20982428", "contract": [20]}}, {"model": "qchain.stat", "pk": 780, "fields": {"stat_date": "2017-08-01", "impressions": 2516, "clicks": 339, "rpm": "2.54180368", "revenue": "4.44480948", "contract": [21]}}, {"model": "qchain.stat", "pk": 781, "fields": {"stat_date": "2017-08-02", "impressions": 25, "clicks": 412, "rpm": "1.60228446", "revenue": "2.95020066", "contract": [21]}}, {"model": "qchain.stat", "pk": 782, "fields": {"stat_date": "2017-08-03", "impressions": 35, "clicks": 710, "rpm": "2.93249349", "revenue": "3.29943677", "contract": [21]}}, {"model": "qchain.stat", "pk": 783, "fields": {"stat_date": "2017-08-04", "impressions": 1950, "clicks": 806, "rpm": "3.07605689", "revenue": "3.96476839", "contract": [21]}}, {"model": "qchain.stat", "pk": 784, "fields": {"stat_date": "2017-08-05", "impressions": 286, "clicks": 935, "rpm": "0.68110602", "revenue": "4.28388978", "contract": [21]}}, {"model": "qchain.stat", "pk": 785, "fields": {"stat_date": "2017-08-06", "impressions": 3212, "clicks": 801, "rpm": "2.61645315", "revenue": "2.91859104", "contract": [21]}}, {"model": "qchain.stat", "pk": 786, "fields": {"stat_date": "2017-08-07", "impressions": 3456, "clicks": 14, "rpm": "0.37588831", "revenue": "1.09162040", "contract": [21]}}, {"model": "qchain.stat", "pk": 787, "fields": {"stat_date": "2017-08-08", "impressions": 1885, "clicks": 404, "rpm": "1.56295507", "revenue": "3.74334396", "contract": [21]}}, {"model": "qchain.stat", "pk": 788, "fields": {"stat_date": "2017-08-09", "impressions": 1358, "clicks": 679, "rpm": "1.94654941", "revenue": "3.55474490", "contract": [21]}}, {"model": "qchain.stat", "pk": 789, "fields": {"stat_date": "2017-08-10", "impressions": 4760, "clicks": 425, "rpm": "2.87897409", "revenue": "5.18101188", "contract": [21]}}, {"model": "qchain.stat", "pk": 790, "fields": {"stat_date": "2017-08-11", "impressions": 2010, "clicks": 549, "rpm": "2.04151496", "revenue": "1.44302797", "contract": [21]}}, {"model": "qchain.stat", "pk": 791, "fields": {"stat_date": "2017-08-12", "impressions": 3869, "clicks": 112, "rpm": "2.43041978", "revenue": "1.81163589", "contract": [21]}}, {"model": "qchain.stat", "pk": 792, "fields": {"stat_date": "2017-08-13", "impressions": 594, "clicks": 612, "rpm": "2.05037131", "revenue": "2.94855338", "contract": [21]}}, {"model": "qchain.stat", "pk": 793, "fields": {"stat_date": "2017-08-14", "impressions": 476, "clicks": 918, "rpm": "1.95642562", "revenue": "0.92203976", "contract": [21]}}, {"model": "qchain.stat", "pk": 794, "fields": {"stat_date": "2017-08-15", "impressions": 1586, "clicks": 186, "rpm": "3.88852558", "revenue": "1.54482308", "contract": [21]}}, {"model": "qchain.stat", "pk": 795, "fields": {"stat_date": "2017-08-16", "impressions": 4332, "clicks": 262, "rpm": "1.82497097", "revenue": "1.60400822", "contract": [21]}}, {"model": "qchain.stat", "pk": 796, "fields": {"stat_date": "2017-08-17", "impressions": 1360, "clicks": 405, "rpm": "1.31321803", "revenue": "4.26805097", "contract": [21]}}, {"model": "qchain.stat", "pk": 797, "fields": {"stat_date": "2017-08-18", "impressions": 2645, "clicks": 96, "rpm": "3.17060852", "revenue": "1.44833728", "contract": [21]}}, {"model": "qchain.stat", "pk": 798, "fields": {"stat_date": "2017-08-19", "impressions": 3344, "clicks": 409, "rpm": "0.51283674", "revenue": "2.32645916", "contract": [21]}}, {"model": "qchain.stat", "pk": 799, "fields": {"stat_date": "2017-08-20", "impressions": 934, "clicks": 665, "rpm": "1.39733392", "revenue": "5.09933181", "contract": [21]}}, {"model": "qchain.stat", "pk": 800, "fields": {"stat_date": "2017-08-21", "impressions": 967, "clicks": 783, "rpm": "1.99182059", "revenue": "2.65601258", "contract": [21]}}, {"model": "qchain.stat", "pk": 801, "fields": {"stat_date": "2017-08-22", "impressions": 3910, "clicks": 670, "rpm": "2.76413598", "revenue": "2.52695671", "contract": [21]}}, {"model": "qchain.stat", "pk": 802, "fields": {"stat_date": "2017-08-23", "impressions": 296, "clicks": 233, "rpm": "1.68678769", "revenue": "3.17889908", "contract": [21]}}, {"model": "qchain.stat", "pk": 803, "fields": {"stat_date": "2017-08-24", "impressions": 3065, "clicks": 452, "rpm": "2.58325285", "revenue": "2.73988680", "contract": [21]}}, {"model": "qchain.stat", "pk": 804, "fields": {"stat_date": "2017-08-25", "impressions": 1468, "clicks": 541, "rpm": "3.49364078", "revenue": "2.55861475", "contract": [21]}}, {"model": "qchain.stat", "pk": 805, "fields": {"stat_date": "2017-08-26", "impressions": 2347, "clicks": 497, "rpm": "2.84877016", "revenue": "2.71639920", "contract": [21]}}, {"model": "qchain.stat", "pk": 806, "fields": {"stat_date": "2017-08-27", "impressions": 965, "clicks": 213, "rpm": "2.54567070", "revenue": "2.59995114", "contract": [21]}}, {"model": "qchain.stat", "pk": 807, "fields": {"stat_date": "2017-08-28", "impressions": 4595, "clicks": 280, "rpm": "1.86020980", "revenue": "3.69923732", "contract": [21]}}, {"model": "qchain.stat", "pk": 808, "fields": {"stat_date": "2017-08-29", "impressions": 2653, "clicks": 595, "rpm": "0.42324645", "revenue": "1.46631498", "contract": [21]}}, {"model": "qchain.stat", "pk": 809, "fields": {"stat_date": "2017-08-30", "impressions": 640, "clicks": 193, "rpm": "0.79704459", "revenue": "2.83637260", "contract": [21]}}, {"model": "qchain.stat", "pk": 810, "fields": {"stat_date": "2017-08-31", "impressions": 1779, "clicks": 69, "rpm": "2.00627292", "revenue": "2.85523607", "contract": [21]}}, {"model": "qchain.stat", "pk": 811, "fields": {"stat_date": "2017-08-01", "impressions": 4716, "clicks": 136, "rpm": "-0.29999067", "revenue": "2.06525912", "contract": [22]}}, {"model": "qchain.stat", "pk": 812, "fields": {"stat_date": "2017-08-02", "impressions": 4012, "clicks": 502, "rpm": "2.11681271", "revenue": "2.48432510", "contract": [22]}}, {"model": "qchain.stat", "pk": 813, "fields": {"stat_date": "2017-08-03", "impressions": 489, "clicks": 148, "rpm": "2.02837412", "revenue": "3.11526899", "contract": [22]}}, {"model": "qchain.stat", "pk": 814, "fields": {"stat_date": "2017-08-04", "impressions": 861, "clicks": 808, "rpm": "1.79217363", "revenue": "3.52559637", "contract": [22]}}, {"model": "qchain.stat", "pk": 815, "fields": {"stat_date": "2017-08-05", "impressions": 3353, "clicks": 865, "rpm": "1.47253578", "revenue": "2.66050370", "contract": [22]}}, {"model": "qchain.stat", "pk": 816, "fields": {"stat_date": "2017-08-06", "impressions": 2792, "clicks": 42, "rpm": "3.02496152", "revenue": "2.80900225", "contract": [22]}}, {"model": "qchain.stat", "pk": 817, "fields": {"stat_date": "2017-08-07", "impressions": 1330, "clicks": 928, "rpm": "0.69718076", "revenue": "3.44229142", "contract": [22]}}, {"model": "qchain.stat", "pk": 818, "fields": {"stat_date": "2017-08-08", "impressions": 3683, "clicks": 972, "rpm": "2.48676524", "revenue": "4.69693606", "contract": [22]}}, {"model": "qchain.stat", "pk": 819, "fields": {"stat_date": "2017-08-09", "impressions": 3165, "clicks": 595, "rpm": "1.69316617", "revenue": "1.84225632", "contract": [22]}}, {"model": "qchain.stat", "pk": 820, "fields": {"stat_date": "2017-08-10", "impressions": 2146, "clicks": 879, "rpm": "1.77949719", "revenue": "1.99430382", "contract": [22]}}, {"model": "qchain.stat", "pk": 821, "fields": {"stat_date": "2017-08-11", "impressions": 3243, "clicks": 570, "rpm": "1.50745218", "revenue": "2.51647295", "contract": [22]}}, {"model": "qchain.stat", "pk": 822, "fields": {"stat_date": "2017-08-12", "impressions": 2712, "clicks": 922, "rpm": "2.18097853", "revenue": "2.61897256", "contract": [22]}}, {"model": "qchain.stat", "pk": 823, "fields": {"stat_date": "2017-08-13", "impressions": 682, "clicks": 416, "rpm": "1.24053026", "revenue": "1.66526727", "contract": [22]}}, {"model": "qchain.stat", "pk": 824, "fields": {"stat_date": "2017-08-14", "impressions": 3912, "clicks": 196, "rpm": "3.05082210", "revenue": "4.20835529", "contract": [22]}}, {"model": "qchain.stat", "pk": 825, "fields": {"stat_date": "2017-08-15", "impressions": 1877, "clicks": 200, "rpm": "3.09486375", "revenue": "3.11062849", "contract": [22]}}, {"model": "qchain.stat", "pk": 826, "fields": {"stat_date": "2017-08-16", "impressions": 2653, "clicks": 681, "rpm": "-1.06732769", "revenue": "2.74098920", "contract": [22]}}, {"model": "qchain.stat", "pk": 827, "fields": {"stat_date": "2017-08-17", "impressions": 393, "clicks": 284, "rpm": "1.73051885", "revenue": "2.91355988", "contract": [22]}}, {"model": "qchain.stat", "pk": 828, "fields": {"stat_date": "2017-08-18", "impressions": 3259, "clicks": 820, "rpm": "0.73967592", "revenue": "2.53202997", "contract": [22]}}, {"model": "qchain.stat", "pk": 829, "fields": {"stat_date": "2017-08-19", "impressions": 365, "clicks": 596, "rpm": "2.84164810", "revenue": "1.92855620", "contract": [22]}}, {"model": "qchain.stat", "pk": 830, "fields": {"stat_date": "2017-08-20", "impressions": 839, "clicks": 858, "rpm": "0.95292685", "revenue": "3.30356048", "contract": [22]}}, {"model": "qchain.stat", "pk": 831, "fields": {"stat_date": "2017-08-21", "impressions": 3183, "clicks": 188, "rpm": "3.59592729", "revenue": "1.35225638", "contract": [22]}}, {"model": "qchain.stat", "pk": 832, "fields": {"stat_date": "2017-08-22", "impressions": 1297, "clicks": 46, "rpm": "1.29310811", "revenue": "3.03088741", "contract": [22]}}, {"model": "qchain.stat", "pk": 833, "fields": {"stat_date": "2017-08-23", "impressions": 786, "clicks": 31, "rpm": "3.20057110", "revenue": "3.80301603", "contract": [22]}}, {"model": "qchain.stat", "pk": 834, "fields": {"stat_date": "2017-08-24", "impressions": 1581, "clicks": 633, "rpm": "2.56926283", "revenue": "3.20424315", "contract": [22]}}, {"model": "qchain.stat", "pk": 835, "fields": {"stat_date": "2017-08-25", "impressions": 3592, "clicks": 244, "rpm": "2.06051579", "revenue": "3.62444489", "contract": [22]}}, {"model": "qchain.stat", "pk": 836, "fields": {"stat_date": "2017-08-26", "impressions": 4857, "clicks": 761, "rpm": "0.80267226", "revenue": "2.53558799", "contract": [22]}}, {"model": "qchain.stat", "pk": 837, "fields": {"stat_date": "2017-08-27", "impressions": 4766, "clicks": 168, "rpm": "1.16482795", "revenue": "3.68600316", "contract": [22]}}, {"model": "qchain.stat", "pk": 838, "fields": {"stat_date": "2017-08-28", "impressions": 2281, "clicks": 950, "rpm": "2.01523926", "revenue": "2.93799610", "contract": [22]}}, {"model": "qchain.stat", "pk": 839, "fields": {"stat_date": "2017-08-29", "impressions": 3222, "clicks": 217, "rpm": "1.59421018", "revenue": "2.98164205", "contract": [22]}}, {"model": "qchain.stat", "pk": 840, "fields": {"stat_date": "2017-08-30", "impressions": 702, "clicks": 289, "rpm": "1.38775940", "revenue": "2.87308032", "contract": [22]}}, {"model": "qchain.stat", "pk": 841, "fields": {"stat_date": "2017-08-31", "impressions": 1672, "clicks": 489, "rpm": "0.28436766", "revenue": "4.25423064", "contract": [22]}}, {"model": "qchain.stat", "pk": 842, "fields": {"stat_date": "2017-08-01", "impressions": 2314, "clicks": 395, "rpm": "1.14055248", "revenue": "3.28126496", "contract": [23]}}, {"model": "qchain.stat", "pk": 843, "fields": {"stat_date": "2017-08-02", "impressions": 3533, "clicks": 171, "rpm": "2.18778754", "revenue": "4.13411091", "contract": [23]}}, {"model": "qchain.stat", "pk": 844, "fields": {"stat_date": "2017-08-03", "impressions": 1294, "clicks": 674, "rpm": "3.30802519", "revenue": "2.01058952", "contract": [23]}}, {"model": "qchain.stat", "pk": 845, "fields": {"stat_date": "2017-08-04", "impressions": 4105, "clicks": 616, "rpm": "2.10643915", "revenue": "4.71752534", "contract": [23]}}, {"model": "qchain.stat", "pk": 846, "fields": {"stat_date": "2017-08-05", "impressions": 4379, "clicks": 933, "rpm": "2.11181948", "revenue": "4.23121524", "contract": [23]}}, {"model": "qchain.stat", "pk": 847, "fields": {"stat_date": "2017-08-06", "impressions": 4187, "clicks": 606, "rpm": "2.90013605", "revenue": "3.14815552", "contract": [23]}}, {"model": "qchain.stat", "pk": 848, "fields": {"stat_date": "2017-08-07", "impressions": 2620, "clicks": 674, "rpm": "3.58764596", "revenue": "2.90150639", "contract": [23]}}, {"model": "qchain.stat", "pk": 849, "fields": {"stat_date": "2017-08-08", "impressions": 2431, "clicks": 398, "rpm": "1.83777285", "revenue": "2.32280898", "contract": [23]}}, {"model": "qchain.stat", "pk": 850, "fields": {"stat_date": "2017-08-09", "impressions": 2365, "clicks": 886, "rpm": "0.53231635", "revenue": "2.26164137", "contract": [23]}}, {"model": "qchain.stat", "pk": 851, "fields": {"stat_date": "2017-08-10", "impressions": 2280, "clicks": 725, "rpm": "2.74405806", "revenue": "3.41405560", "contract": [23]}}, {"model": "qchain.stat", "pk": 852, "fields": {"stat_date": "2017-08-11", "impressions": 1499, "clicks": 217, "rpm": "2.71041289", "revenue": "3.30856851", "contract": [23]}}, {"model": "qchain.stat", "pk": 853, "fields": {"stat_date": "2017-08-12", "impressions": 721, "clicks": 903, "rpm": "2.59887877", "revenue": "3.83919219", "contract": [23]}}, {"model": "qchain.stat", "pk": 854, "fields": {"stat_date": "2017-08-13", "impressions": 2609, "clicks": 632, "rpm": "0.36798320", "revenue": "5.11407949", "contract": [23]}}, {"model": "qchain.stat", "pk": 855, "fields": {"stat_date": "2017-08-14", "impressions": 1462, "clicks": 821, "rpm": "1.83752863", "revenue": "2.31474086", "contract": [23]}}, {"model": "qchain.stat", "pk": 856, "fields": {"stat_date": "2017-08-15", "impressions": 394, "clicks": 556, "rpm": "2.15796594", "revenue": "4.23144954", "contract": [23]}}, {"model": "qchain.stat", "pk": 857, "fields": {"stat_date": "2017-08-16", "impressions": 2920, "clicks": 295, "rpm": "2.15525206", "revenue": "3.56273748", "contract": [23]}}, {"model": "qchain.stat", "pk": 858, "fields": {"stat_date": "2017-08-17", "impressions": 1516, "clicks": 456, "rpm": "0.42815835", "revenue": "3.58115936", "contract": [23]}}, {"model": "qchain.stat", "pk": 859, "fields": {"stat_date": "2017-08-18", "impressions": 1253, "clicks": 461, "rpm": "3.63548945", "revenue": "3.74055826", "contract": [23]}}, {"model": "qchain.stat", "pk": 860, "fields": {"stat_date": "2017-08-19", "impressions": 4437, "clicks": 728, "rpm": "2.33603578", "revenue": "1.71868483", "contract": [23]}}, {"model": "qchain.stat", "pk": 861, "fields": {"stat_date": "2017-08-20", "impressions": 56, "clicks": 835, "rpm": "1.73406886", "revenue": "3.20375373", "contract": [23]}}, {"model": "qchain.stat", "pk": 862, "fields": {"stat_date": "2017-08-21", "impressions": 2989, "clicks": 16, "rpm": "1.68210886", "revenue": "4.44786039", "contract": [23]}}, {"model": "qchain.stat", "pk": 863, "fields": {"stat_date": "2017-08-22", "impressions": 2505, "clicks": 752, "rpm": "1.54613196", "revenue": "1.60145685", "contract": [23]}}, {"model": "qchain.stat", "pk": 864, "fields": {"stat_date": "2017-08-23", "impressions": 1145, "clicks": 958, "rpm": "-0.20364225", "revenue": "3.15458073", "contract": [23]}}, {"model": "qchain.stat", "pk": 865, "fields": {"stat_date": "2017-08-24", "impressions": 2199, "clicks": 21, "rpm": "3.22218721", "revenue": "2.87692751", "contract": [23]}}, {"model": "qchain.stat", "pk": 866, "fields": {"stat_date": "2017-08-25", "impressions": 4119, "clicks": 554, "rpm": "2.40314709", "revenue": "5.34534407", "contract": [23]}}, {"model": "qchain.stat", "pk": 867, "fields": {"stat_date": "2017-08-26", "impressions": 1269, "clicks": 372, "rpm": "2.79958706", "revenue": "1.53488403", "contract": [23]}}, {"model": "qchain.stat", "pk": 868, "fields": {"stat_date": "2017-08-27", "impressions": 3432, "clicks": 567, "rpm": "0.52673755", "revenue": "3.97050730", "contract": [23]}}, {"model": "qchain.stat", "pk": 869, "fields": {"stat_date": "2017-08-28", "impressions": 1534, "clicks": 521, "rpm": "3.56647808", "revenue": "3.62213289", "contract": [23]}}, {"model": "qchain.stat", "pk": 870, "fields": {"stat_date": "2017-08-29", "impressions": 4922, "clicks": 906, "rpm": "1.76550129", "revenue": "1.81932717", "contract": [23]}}, {"model": "qchain.stat", "pk": 871, "fields": {"stat_date": "2017-08-30", "impressions": 2655, "clicks": 38, "rpm": "1.05807532", "revenue": "4.08742417", "contract": [23]}}, {"model": "qchain.stat", "pk": 872, "fields": {"stat_date": "2017-08-31", "impressions": 1051, "clicks": 599, "rpm": "3.12547025", "revenue": "4.06444814", "contract": [23]}}, {"model": "qchain.stat", "pk": 873, "fields": {"stat_date": "2017-08-01", "impressions": 3119, "clicks": 65, "rpm": "2.00031568", "revenue": "4.04642908", "contract": [24]}}, {"model": "qchain.stat", "pk": 874, "fields": {"stat_date": "2017-08-02", "impressions": 1987, "clicks": 334, "rpm": "2.98542286", "revenue": "2.09256896", "contract": [24]}}, {"model": "qchain.stat", "pk": 875, "fields": {"stat_date": "2017-08-03", "impressions": 2190, "clicks": 797, "rpm": "1.22977543", "revenue": "2.25848548", "contract": [24]}}, {"model": "qchain.stat", "pk": 876, "fields": {"stat_date": "2017-08-04", "impressions": 2256, "clicks": 266, "rpm": "1.49824012", "revenue": "3.51763523", "contract": [24]}}, {"model": "qchain.stat", "pk": 877, "fields": {"stat_date": "2017-08-05", "impressions": 3961, "clicks": 864, "rpm": "2.56246298", "revenue": "3.74935877", "contract": [24]}}, {"model": "qchain.stat", "pk": 878, "fields": {"stat_date": "2017-08-06", "impressions": 1504, "clicks": 838, "rpm": "2.07653195", "revenue": "3.50349587", "contract": [24]}}, {"model": "qchain.stat", "pk": 879, "fields": {"stat_date": "2017-08-07", "impressions": 366, "clicks": 723, "rpm": "1.04567274", "revenue": "3.02541670", "contract": [24]}}, {"model": "qchain.stat", "pk": 880, "fields": {"stat_date": "2017-08-08", "impressions": 1460, "clicks": 31, "rpm": "0.74073395", "revenue": "2.59640403", "contract": [24]}}, {"model": "qchain.stat", "pk": 881, "fields": {"stat_date": "2017-08-09", "impressions": 1269, "clicks": 887, "rpm": "1.09047572", "revenue": "2.91831005", "contract": [24]}}, {"model": "qchain.stat", "pk": 882, "fields": {"stat_date": "2017-08-10", "impressions": 3427, "clicks": 480, "rpm": "1.38760014", "revenue": "3.07359093", "contract": [24]}}, {"model": "qchain.stat", "pk": 883, "fields": {"stat_date": "2017-08-11", "impressions": 546, "clicks": 508, "rpm": "1.92840115", "revenue": "1.67215555", "contract": [24]}}, {"model": "qchain.stat", "pk": 884, "fields": {"stat_date": "2017-08-12", "impressions": 2324, "clicks": 341, "rpm": "1.96317026", "revenue": "4.07047984", "contract": [24]}}, {"model": "qchain.stat", "pk": 885, "fields": {"stat_date": "2017-08-13", "impressions": 1479, "clicks": 747, "rpm": "2.95639567", "revenue": "4.67264321", "contract": [24]}}, {"model": "qchain.stat", "pk": 886, "fields": {"stat_date": "2017-08-14", "impressions": 648, "clicks": 534, "rpm": "2.19642032", "revenue": "2.95374850", "contract": [24]}}, {"model": "qchain.stat", "pk": 887, "fields": {"stat_date": "2017-08-15", "impressions": 1769, "clicks": 652, "rpm": "1.95726311", "revenue": "4.44720199", "contract": [24]}}, {"model": "qchain.stat", "pk": 888, "fields": {"stat_date": "2017-08-16", "impressions": 1527, "clicks": 776, "rpm": "0.24151499", "revenue": "2.84651180", "contract": [24]}}, {"model": "qchain.stat", "pk": 889, "fields": {"stat_date": "2017-08-17", "impressions": 4530, "clicks": 9, "rpm": "4.09705237", "revenue": "4.76738295", "contract": [24]}}, {"model": "qchain.stat", "pk": 890, "fields": {"stat_date": "2017-08-18", "impressions": 2409, "clicks": 387, "rpm": "0.55784580", "revenue": "1.75910440", "contract": [24]}}, {"model": "qchain.stat", "pk": 891, "fields": {"stat_date": "2017-08-19", "impressions": 386, "clicks": 857, "rpm": "1.25364300", "revenue": "3.35001975", "contract": [24]}}, {"model": "qchain.stat", "pk": 892, "fields": {"stat_date": "2017-08-20", "impressions": 1993, "clicks": 821, "rpm": "1.32488841", "revenue": "2.49797335", "contract": [24]}}, {"model": "qchain.stat", "pk": 893, "fields": {"stat_date": "2017-08-21", "impressions": 128, "clicks": 265, "rpm": "1.93787238", "revenue": "2.55215744", "contract": [24]}}, {"model": "qchain.stat", "pk": 894, "fields": {"stat_date": "2017-08-22", "impressions": 4413, "clicks": 204, "rpm": "2.93451620", "revenue": "1.71841393", "contract": [24]}}, {"model": "qchain.stat", "pk": 895, "fields": {"stat_date": "2017-08-23", "impressions": 984, "clicks": 361, "rpm": "2.22674255", "revenue": "4.08792746", "contract": [24]}}, {"model": "qchain.stat", "pk": 896, "fields": {"stat_date": "2017-08-24", "impressions": 235, "clicks": 879, "rpm": "2.25318021", "revenue": "4.44939856", "contract": [24]}}, {"model": "qchain.stat", "pk": 897, "fields": {"stat_date": "2017-08-25", "impressions": 921, "clicks": 891, "rpm": "2.05391640", "revenue": "2.14357058", "contract": [24]}}, {"model": "qchain.stat", "pk": 898, "fields": {"stat_date": "2017-08-26", "impressions": 3, "clicks": 611, "rpm": "1.55635560", "revenue": "5.29896401", "contract": [24]}}, {"model": "qchain.stat", "pk": 899, "fields": {"stat_date": "2017-08-27", "impressions": 2729, "clicks": 346, "rpm": "2.75395663", "revenue": "3.14194563", "contract": [24]}}, {"model": "qchain.stat", "pk": 900, "fields": {"stat_date": "2017-08-28", "impressions": 1830, "clicks": 212, "rpm": "2.25602433", "revenue": "3.31643730", "contract": [24]}}, {"model": "qchain.stat", "pk": 901, "fields": {"stat_date": "2017-08-29", "impressions": 1446, "clicks": 134, "rpm": "1.51871231", "revenue": "4.78489156", "contract": [24]}}, {"model": "qchain.stat", "pk": 902, "fields": {"stat_date": "2017-08-30", "impressions": 2871, "clicks": 723, "rpm": "0.83100919", "revenue": "1.89506894", "contract": [24]}}, {"model": "qchain.stat", "pk": 903, "fields": {"stat_date": "2017-08-31", "impressions": 1113, "clicks": 236, "rpm": "4.16977330", "revenue": "1.70084797", "contract": [24]}}, {"model": "qchain.stat", "pk": 904, "fields": {"stat_date": "2017-08-01", "impressions": 3954, "clicks": 367, "rpm": "1.73020098", "revenue": "2.82230458", "contract": [25]}}, {"model": "qchain.stat", "pk": 905, "fields": {"stat_date": "2017-08-02", "impressions": 3752, "clicks": 469, "rpm": "0.65563908", "revenue": "1.89286583", "contract": [25]}}, {"model": "qchain.stat", "pk": 906, "fields": {"stat_date": "2017-08-03", "impressions": 4061, "clicks": 122, "rpm": "2.29741375", "revenue": "1.18197568", "contract": [25]}}, {"model": "qchain.stat", "pk": 907, "fields": {"stat_date": "2017-08-04", "impressions": 3703, "clicks": 231, "rpm": "1.17623611", "revenue": "3.10060274", "contract": [25]}}, {"model": "qchain.stat", "pk": 908, "fields": {"stat_date": "2017-08-05", "impressions": 2872, "clicks": 788, "rpm": "0.53677005", "revenue": "2.13042662", "contract": [25]}}, {"model": "qchain.stat", "pk": 909, "fields": {"stat_date": "2017-08-06", "impressions": 2642, "clicks": 207, "rpm": "1.52942237", "revenue": "3.78558267", "contract": [25]}}, {"model": "qchain.stat", "pk": 910, "fields": {"stat_date": "2017-08-07", "impressions": 3865, "clicks": 632, "rpm": "1.55182914", "revenue": "4.98814479", "contract": [25]}}, {"model": "qchain.stat", "pk": 911, "fields": {"stat_date": "2017-08-08", "impressions": 3947, "clicks": 193, "rpm": "-1.37086839", "revenue": "2.98170326", "contract": [25]}}, {"model": "qchain.stat", "pk": 912, "fields": {"stat_date": "2017-08-09", "impressions": 138, "clicks": 97, "rpm": "1.32578470", "revenue": "2.61019758", "contract": [25]}}, {"model": "qchain.stat", "pk": 913, "fields": {"stat_date": "2017-08-10", "impressions": 4479, "clicks": 480, "rpm": "1.47807995", "revenue": "5.04980663", "contract": [25]}}, {"model": "qchain.stat", "pk": 914, "fields": {"stat_date": "2017-08-11", "impressions": 2475, "clicks": 381, "rpm": "0.40353943", "revenue": "3.04615807", "contract": [25]}}, {"model": "qchain.stat", "pk": 915, "fields": {"stat_date": "2017-08-12", "impressions": 3542, "clicks": 132, "rpm": "2.00112419", "revenue": "2.37568547", "contract": [25]}}, {"model": "qchain.stat", "pk": 916, "fields": {"stat_date": "2017-08-13", "impressions": 563, "clicks": 916, "rpm": "1.95731516", "revenue": "1.66275405", "contract": [25]}}, {"model": "qchain.stat", "pk": 917, "fields": {"stat_date": "2017-08-14", "impressions": 3966, "clicks": 783, "rpm": "2.92923712", "revenue": "4.69046422", "contract": [25]}}, {"model": "qchain.stat", "pk": 918, "fields": {"stat_date": "2017-08-15", "impressions": 4644, "clicks": 993, "rpm": "2.87184429", "revenue": "1.45627349", "contract": [25]}}, {"model": "qchain.stat", "pk": 919, "fields": {"stat_date": "2017-08-16", "impressions": 4103, "clicks": 294, "rpm": "3.45378077", "revenue": "2.67692060", "contract": [25]}}, {"model": "qchain.stat", "pk": 920, "fields": {"stat_date": "2017-08-17", "impressions": 3305, "clicks": 447, "rpm": "1.10788838", "revenue": "3.06916324", "contract": [25]}}, {"model": "qchain.stat", "pk": 921, "fields": {"stat_date": "2017-08-18", "impressions": 3228, "clicks": 780, "rpm": "0.87442276", "revenue": "2.74317841", "contract": [25]}}, {"model": "qchain.stat", "pk": 922, "fields": {"stat_date": "2017-08-19", "impressions": 4506, "clicks": 550, "rpm": "1.10495999", "revenue": "3.31511232", "contract": [25]}}, {"model": "qchain.stat", "pk": 923, "fields": {"stat_date": "2017-08-20", "impressions": 4750, "clicks": 46, "rpm": "1.17467330", "revenue": "2.78907578", "contract": [25]}}, {"model": "qchain.stat", "pk": 924, "fields": {"stat_date": "2017-08-21", "impressions": 3085, "clicks": 141, "rpm": "1.39710116", "revenue": "3.49684116", "contract": [25]}}, {"model": "qchain.stat", "pk": 925, "fields": {"stat_date": "2017-08-22", "impressions": 4190, "clicks": 387, "rpm": "0.54761027", "revenue": "2.58991005", "contract": [25]}}, {"model": "qchain.stat", "pk": 926, "fields": {"stat_date": "2017-08-23", "impressions": 3244, "clicks": 272, "rpm": "2.32253374", "revenue": "2.05176242", "contract": [25]}}, {"model": "qchain.stat", "pk": 927, "fields": {"stat_date": "2017-08-24", "impressions": 387, "clicks": 992, "rpm": "1.61191625", "revenue": "2.48774177", "contract": [25]}}, {"model": "qchain.stat", "pk": 928, "fields": {"stat_date": "2017-08-25", "impressions": 3445, "clicks": 72, "rpm": "0.15685707", "revenue": "3.50405298", "contract": [25]}}, {"model": "qchain.stat", "pk": 929, "fields": {"stat_date": "2017-08-26", "impressions": 1227, "clicks": 856, "rpm": "3.40721600", "revenue": "3.38836287", "contract": [25]}}, {"model": "qchain.stat", "pk": 930, "fields": {"stat_date": "2017-08-27", "impressions": 2380, "clicks": 307, "rpm": "2.38266929", "revenue": "4.88005626", "contract": [25]}}, {"model": "qchain.stat", "pk": 931, "fields": {"stat_date": "2017-08-28", "impressions": 4642, "clicks": 624, "rpm": "2.07844147", "revenue": "2.83659566", "contract": [25]}}, {"model": "qchain.stat", "pk": 932, "fields": {"stat_date": "2017-08-29", "impressions": 1416, "clicks": 424, "rpm": "2.33142238", "revenue": "4.11436138", "contract": [25]}}, {"model": "qchain.stat", "pk": 933, "fields": {"stat_date": "2017-08-30", "impressions": 1715, "clicks": 580, "rpm": "2.97647823", "revenue": "3.18899772", "contract": [25]}}, {"model": "qchain.stat", "pk": 934, "fields": {"stat_date": "2017-08-31", "impressions": 2170, "clicks": 512, "rpm": "2.62554911", "revenue": "3.35935878", "contract": [25]}}, {"model": "qchain.stat", "pk": 935, "fields": {"stat_date": "2017-07-01", "impressions": 4930, "clicks": 942, "rpm": "2.18679035", "revenue": "4.34667917", "contract": [26]}}, {"model": "qchain.stat", "pk": 936, "fields": {"stat_date": "2017-07-02", "impressions": 567, "clicks": 312, "rpm": "3.21451299", "revenue": "4.61997431", "contract": [26]}}, {"model": "qchain.stat", "pk": 937, "fields": {"stat_date": "2017-07-03", "impressions": 1240, "clicks": 291, "rpm": "3.70967032", "revenue": "3.84929206", "contract": [26]}}, {"model": "qchain.stat", "pk": 938, "fields": {"stat_date": "2017-07-04", "impressions": 4676, "clicks": 592, "rpm": "1.05560879", "revenue": "2.90057028", "contract": [26]}}, {"model": "qchain.stat", "pk": 939, "fields": {"stat_date": "2017-07-05", "impressions": 2550, "clicks": 513, "rpm": "3.70576953", "revenue": "4.04709004", "contract": [26]}}, {"model": "qchain.stat", "pk": 940, "fields": {"stat_date": "2017-07-06", "impressions": 4364, "clicks": 7, "rpm": "0.14057807", "revenue": "3.91009399", "contract": [26]}}, {"model": "qchain.stat", "pk": 941, "fields": {"stat_date": "2017-07-07", "impressions": 4415, "clicks": 420, "rpm": "0.17553950", "revenue": "4.05068816", "contract": [26]}}, {"model": "qchain.stat", "pk": 942, "fields": {"stat_date": "2017-07-08", "impressions": 1303, "clicks": 876, "rpm": "0.48172718", "revenue": "3.12787130", "contract": [26]}}, {"model": "qchain.stat", "pk": 943, "fields": {"stat_date": "2017-07-09", "impressions": 1711, "clicks": 36, "rpm": "1.15639802", "revenue": "2.68750517", "contract": [26]}}, {"model": "qchain.stat", "pk": 944, "fields": {"stat_date": "2017-07-10", "impressions": 971, "clicks": 355, "rpm": "1.37359966", "revenue": "2.93101037", "contract": [26]}}, {"model": "qchain.stat", "pk": 945, "fields": {"stat_date": "2017-07-11", "impressions": 618, "clicks": 415, "rpm": "1.46491728", "revenue": "3.60435205", "contract": [26]}}, {"model": "qchain.stat", "pk": 946, "fields": {"stat_date": "2017-07-12", "impressions": 1360, "clicks": 622, "rpm": "2.46627820", "revenue": "2.34733233", "contract": [26]}}, {"model": "qchain.stat", "pk": 947, "fields": {"stat_date": "2017-07-13", "impressions": 4531, "clicks": 472, "rpm": "2.19966916", "revenue": "3.98243502", "contract": [26]}}, {"model": "qchain.stat", "pk": 948, "fields": {"stat_date": "2017-07-14", "impressions": 3703, "clicks": 377, "rpm": "3.05672680", "revenue": "0.88277594", "contract": [26]}}, {"model": "qchain.stat", "pk": 949, "fields": {"stat_date": "2017-07-15", "impressions": 4857, "clicks": 58, "rpm": "2.53217442", "revenue": "2.69951836", "contract": [26]}}, {"model": "qchain.stat", "pk": 950, "fields": {"stat_date": "2017-07-16", "impressions": 2036, "clicks": 93, "rpm": "1.76771645", "revenue": "4.11489258", "contract": [26]}}, {"model": "qchain.stat", "pk": 951, "fields": {"stat_date": "2017-07-17", "impressions": 3475, "clicks": 435, "rpm": "0.80228950", "revenue": "3.55467342", "contract": [26]}}, {"model": "qchain.stat", "pk": 952, "fields": {"stat_date": "2017-07-18", "impressions": 2661, "clicks": 977, "rpm": "-0.38653078", "revenue": "4.03372413", "contract": [26]}}, {"model": "qchain.stat", "pk": 953, "fields": {"stat_date": "2017-07-19", "impressions": 2547, "clicks": 194, "rpm": "1.34255891", "revenue": "2.97389920", "contract": [26]}}, {"model": "qchain.stat", "pk": 954, "fields": {"stat_date": "2017-07-20", "impressions": 3216, "clicks": 749, "rpm": "3.98109491", "revenue": "4.81783948", "contract": [26]}}, {"model": "qchain.stat", "pk": 955, "fields": {"stat_date": "2017-07-21", "impressions": 1428, "clicks": 205, "rpm": "1.81781931", "revenue": "3.17412035", "contract": [26]}}, {"model": "qchain.stat", "pk": 956, "fields": {"stat_date": "2017-07-22", "impressions": 617, "clicks": 260, "rpm": "2.62553988", "revenue": "2.74890818", "contract": [26]}}, {"model": "qchain.stat", "pk": 957, "fields": {"stat_date": "2017-07-23", "impressions": 2983, "clicks": 66, "rpm": "4.16827146", "revenue": "2.53569232", "contract": [26]}}, {"model": "qchain.stat", "pk": 958, "fields": {"stat_date": "2017-07-24", "impressions": 588, "clicks": 137, "rpm": "1.81879957", "revenue": "2.51919873", "contract": [26]}}, {"model": "qchain.stat", "pk": 959, "fields": {"stat_date": "2017-07-25", "impressions": 379, "clicks": 315, "rpm": "0.87265612", "revenue": "3.83609427", "contract": [26]}}, {"model": "qchain.stat", "pk": 960, "fields": {"stat_date": "2017-07-26", "impressions": 2354, "clicks": 449, "rpm": "3.30237177", "revenue": "1.34534717", "contract": [26]}}, {"model": "qchain.stat", "pk": 961, "fields": {"stat_date": "2017-07-27", "impressions": 3269, "clicks": 977, "rpm": "2.52254562", "revenue": "2.94552040", "contract": [26]}}, {"model": "qchain.stat", "pk": 962, "fields": {"stat_date": "2017-07-28", "impressions": 3341, "clicks": 577, "rpm": "1.32631563", "revenue": "2.86515171", "contract": [26]}}, {"model": "qchain.stat", "pk": 963, "fields": {"stat_date": "2017-07-29", "impressions": 235, "clicks": 430, "rpm": "1.22180227", "revenue": "0.88318246", "contract": [26]}}, {"model": "qchain.stat", "pk": 964, "fields": {"stat_date": "2017-07-30", "impressions": 212, "clicks": 628, "rpm": "1.08877585", "revenue": "3.35551790", "contract": [26]}}, {"model": "qchain.stat", "pk": 965, "fields": {"stat_date": "2017-07-31", "impressions": 4416, "clicks": 907, "rpm": "2.40128713", "revenue": "3.93311380", "contract": [26]}}, {"model": "qchain.stat", "pk": 966, "fields": {"stat_date": "2017-07-01", "impressions": 4150, "clicks": 127, "rpm": "2.37935682", "revenue": "4.41091706", "contract": [27]}}, {"model": "qchain.stat", "pk": 967, "fields": {"stat_date": "2017-07-02", "impressions": 2000, "clicks": 241, "rpm": "0.68078693", "revenue": "2.53801179", "contract": [27]}}, {"model": "qchain.stat", "pk": 968, "fields": {"stat_date": "2017-07-03", "impressions": 1051, "clicks": 841, "rpm": "-0.85736543", "revenue": "5.53541221", "contract": [27]}}, {"model": "qchain.stat", "pk": 969, "fields": {"stat_date": "2017-07-04", "impressions": 886, "clicks": 690, "rpm": "0.88095200", "revenue": "1.71678652", "contract": [27]}}, {"model": "qchain.stat", "pk": 970, "fields": {"stat_date": "2017-07-05", "impressions": 2264, "clicks": 644, "rpm": "1.05572858", "revenue": "1.58624000", "contract": [27]}}, {"model": "qchain.stat", "pk": 971, "fields": {"stat_date": "2017-07-06", "impressions": 2911, "clicks": 92, "rpm": "1.34623930", "revenue": "2.24449818", "contract": [27]}}, {"model": "qchain.stat", "pk": 972, "fields": {"stat_date": "2017-07-07", "impressions": 984, "clicks": 462, "rpm": "1.22340733", "revenue": "2.34219600", "contract": [27]}}, {"model": "qchain.stat", "pk": 973, "fields": {"stat_date": "2017-07-08", "impressions": 455, "clicks": 908, "rpm": "-0.21680040", "revenue": "3.61601951", "contract": [27]}}, {"model": "qchain.stat", "pk": 974, "fields": {"stat_date": "2017-07-09", "impressions": 621, "clicks": 181, "rpm": "2.79714018", "revenue": "5.71933885", "contract": [27]}}, {"model": "qchain.stat", "pk": 975, "fields": {"stat_date": "2017-07-10", "impressions": 641, "clicks": 154, "rpm": "1.86716655", "revenue": "1.99286944", "contract": [27]}}, {"model": "qchain.stat", "pk": 976, "fields": {"stat_date": "2017-07-11", "impressions": 2528, "clicks": 830, "rpm": "0.78257886", "revenue": "2.86879384", "contract": [27]}}, {"model": "qchain.stat", "pk": 977, "fields": {"stat_date": "2017-07-12", "impressions": 2390, "clicks": 616, "rpm": "1.66297883", "revenue": "2.70995875", "contract": [27]}}, {"model": "qchain.stat", "pk": 978, "fields": {"stat_date": "2017-07-13", "impressions": 4509, "clicks": 49, "rpm": "2.88774336", "revenue": "1.16806582", "contract": [27]}}, {"model": "qchain.stat", "pk": 979, "fields": {"stat_date": "2017-07-14", "impressions": 3690, "clicks": 826, "rpm": "3.63127512", "revenue": "3.21693180", "contract": [27]}}, {"model": "qchain.stat", "pk": 980, "fields": {"stat_date": "2017-07-15", "impressions": 3163, "clicks": 831, "rpm": "1.03054472", "revenue": "0.63371090", "contract": [27]}}, {"model": "qchain.stat", "pk": 981, "fields": {"stat_date": "2017-07-16", "impressions": 757, "clicks": 745, "rpm": "2.54757580", "revenue": "2.22569774", "contract": [27]}}, {"model": "qchain.stat", "pk": 982, "fields": {"stat_date": "2017-07-17", "impressions": 4982, "clicks": 192, "rpm": "1.74195348", "revenue": "4.05566914", "contract": [27]}}, {"model": "qchain.stat", "pk": 983, "fields": {"stat_date": "2017-07-18", "impressions": 1453, "clicks": 521, "rpm": "2.32051142", "revenue": "1.79119765", "contract": [27]}}, {"model": "qchain.stat", "pk": 984, "fields": {"stat_date": "2017-07-19", "impressions": 1491, "clicks": 85, "rpm": "3.13016519", "revenue": "1.16318286", "contract": [27]}}, {"model": "qchain.stat", "pk": 985, "fields": {"stat_date": "2017-07-20", "impressions": 4317, "clicks": 339, "rpm": "1.01682794", "revenue": "2.97900983", "contract": [27]}}, {"model": "qchain.stat", "pk": 986, "fields": {"stat_date": "2017-07-21", "impressions": 932, "clicks": 979, "rpm": "2.40198386", "revenue": "3.61430547", "contract": [27]}}, {"model": "qchain.stat", "pk": 987, "fields": {"stat_date": "2017-07-22", "impressions": 4037, "clicks": 767, "rpm": "2.37574268", "revenue": "3.59554860", "contract": [27]}}, {"model": "qchain.stat", "pk": 988, "fields": {"stat_date": "2017-07-23", "impressions": 1319, "clicks": 15, "rpm": "0.01726637", "revenue": "2.89094161", "contract": [27]}}, {"model": "qchain.stat", "pk": 989, "fields": {"stat_date": "2017-07-24", "impressions": 1394, "clicks": 224, "rpm": "1.17302474", "revenue": "3.00118750", "contract": [27]}}, {"model": "qchain.stat", "pk": 990, "fields": {"stat_date": "2017-07-25", "impressions": 1050, "clicks": 541, "rpm": "2.43960881", "revenue": "1.75491554", "contract": [27]}}, {"model": "qchain.stat", "pk": 991, "fields": {"stat_date": "2017-07-26", "impressions": 3864, "clicks": 56, "rpm": "2.85491697", "revenue": "3.48507397", "contract": [27]}}, {"model": "qchain.stat", "pk": 992, "fields": {"stat_date": "2017-07-27", "impressions": 2625, "clicks": 297, "rpm": "2.33838660", "revenue": "1.82019211", "contract": [27]}}, {"model": "qchain.stat", "pk": 993, "fields": {"stat_date": "2017-07-28", "impressions": 1333, "clicks": 598, "rpm": "2.45430739", "revenue": "4.33022420", "contract": [27]}}, {"model": "qchain.stat", "pk": 994, "fields": {"stat_date": "2017-07-29", "impressions": 1408, "clicks": 271, "rpm": "4.20752431", "revenue": "2.00722608", "contract": [27]}}, {"model": "qchain.stat", "pk": 995, "fields": {"stat_date": "2017-07-30", "impressions": 278, "clicks": 317, "rpm": "1.30242876", "revenue": "3.19660604", "contract": [27]}}, {"model": "qchain.stat", "pk": 996, "fields": {"stat_date": "2017-07-31", "impressions": 2137, "clicks": 177, "rpm": "1.31588946", "revenue": "3.60530449", "contract": [27]}}, {"model": "qchain.stat", "pk": 997, "fields": {"stat_date": "2017-07-01", "impressions": 108, "clicks": 743, "rpm": "2.14187095", "revenue": "1.71235875", "contract": [28]}}, {"model": "qchain.stat", "pk": 998, "fields": {"stat_date": "2017-07-02", "impressions": 3766, "clicks": 654, "rpm": "0.42651900", "revenue": "2.19681500", "contract": [28]}}, {"model": "qchain.stat", "pk": 999, "fields": {"stat_date": "2017-07-03", "impressions": 2073, "clicks": 146, "rpm": "2.21028320", "revenue": "3.32820968", "contract": [28]}}, {"model": "qchain.stat", "pk": 1000, "fields": {"stat_date": "2017-07-04", "impressions": 3480, "clicks": 668, "rpm": "1.76350076", "revenue": "1.56877663", "contract": [28]}}, {"model": "qchain.stat", "pk": 1001, "fields": {"stat_date": "2017-07-05", "impressions": 2606, "clicks": 967, "rpm": "2.97181239", "revenue": "3.26715743", "contract": [28]}}, {"model": "qchain.stat", "pk": 1002, "fields": {"stat_date": "2017-07-06", "impressions": 3312, "clicks": 365, "rpm": "1.48419548", "revenue": "3.34129588", "contract": [28]}}, {"model": "qchain.stat", "pk": 1003, "fields": {"stat_date": "2017-07-07", "impressions": 1769, "clicks": 521, "rpm": "1.83105904", "revenue": "3.48435765", "contract": [28]}}, {"model": "qchain.stat", "pk": 1004, "fields": {"stat_date": "2017-07-08", "impressions": 2067, "clicks": 755, "rpm": "1.91161907", "revenue": "3.57479026", "contract": [28]}}, {"model": "qchain.stat", "pk": 1005, "fields": {"stat_date": "2017-07-09", "impressions": 2622, "clicks": 381, "rpm": "2.53120374", "revenue": "4.21525825", "contract": [28]}}, {"model": "qchain.stat", "pk": 1006, "fields": {"stat_date": "2017-07-10", "impressions": 2424, "clicks": 180, "rpm": "3.67068202", "revenue": "1.33585979", "contract": [28]}}, {"model": "qchain.stat", "pk": 1007, "fields": {"stat_date": "2017-07-11", "impressions": 1167, "clicks": 244, "rpm": "2.45069060", "revenue": "5.29302711", "contract": [28]}}, {"model": "qchain.stat", "pk": 1008, "fields": {"stat_date": "2017-07-12", "impressions": 612, "clicks": 803, "rpm": "2.71331596", "revenue": "3.23226008", "contract": [28]}}, {"model": "qchain.stat", "pk": 1009, "fields": {"stat_date": "2017-07-13", "impressions": 1124, "clicks": 944, "rpm": "1.16287003", "revenue": "2.43386369", "contract": [28]}}, {"model": "qchain.stat", "pk": 1010, "fields": {"stat_date": "2017-07-14", "impressions": 2361, "clicks": 271, "rpm": "3.27664569", "revenue": "3.37279859", "contract": [28]}}, {"model": "qchain.stat", "pk": 1011, "fields": {"stat_date": "2017-07-15", "impressions": 4512, "clicks": 851, "rpm": "2.63507712", "revenue": "1.38391228", "contract": [28]}}, {"model": "qchain.stat", "pk": 1012, "fields": {"stat_date": "2017-07-16", "impressions": 1551, "clicks": 83, "rpm": "1.54380757", "revenue": "2.60352225", "contract": [28]}}, {"model": "qchain.stat", "pk": 1013, "fields": {"stat_date": "2017-07-17", "impressions": 3054, "clicks": 393, "rpm": "0.93189443", "revenue": "2.23375839", "contract": [28]}}, {"model": "qchain.stat", "pk": 1014, "fields": {"stat_date": "2017-07-18", "impressions": 2789, "clicks": 380, "rpm": "1.72373974", "revenue": "3.85042177", "contract": [28]}}, {"model": "qchain.stat", "pk": 1015, "fields": {"stat_date": "2017-07-19", "impressions": 2101, "clicks": 5, "rpm": "2.57013248", "revenue": "5.10633010", "contract": [28]}}, {"model": "qchain.stat", "pk": 1016, "fields": {"stat_date": "2017-07-20", "impressions": 2819, "clicks": 490, "rpm": "2.98291847", "revenue": "2.77859665", "contract": [28]}}, {"model": "qchain.stat", "pk": 1017, "fields": {"stat_date": "2017-07-21", "impressions": 1975, "clicks": 331, "rpm": "1.56168559", "revenue": "3.71759276", "contract": [28]}}, {"model": "qchain.stat", "pk": 1018, "fields": {"stat_date": "2017-07-22", "impressions": 2921, "clicks": 345, "rpm": "1.01810593", "revenue": "4.50031812", "contract": [28]}}, {"model": "qchain.stat", "pk": 1019, "fields": {"stat_date": "2017-07-23", "impressions": 1719, "clicks": 137, "rpm": "1.54221415", "revenue": "4.51524978", "contract": [28]}}, {"model": "qchain.stat", "pk": 1020, "fields": {"stat_date": "2017-07-24", "impressions": 3761, "clicks": 80, "rpm": "2.53294451", "revenue": "3.16056182", "contract": [28]}}, {"model": "qchain.stat", "pk": 1021, "fields": {"stat_date": "2017-07-25", "impressions": 4701, "clicks": 355, "rpm": "0.77009385", "revenue": "4.01826185", "contract": [28]}}, {"model": "qchain.stat", "pk": 1022, "fields": {"stat_date": "2017-07-26", "impressions": 3276, "clicks": 164, "rpm": "1.44484541", "revenue": "1.88491848", "contract": [28]}}, {"model": "qchain.stat", "pk": 1023, "fields": {"stat_date": "2017-07-27", "impressions": 2031, "clicks": 634, "rpm": "1.93229306", "revenue": "4.18313146", "contract": [28]}}, {"model": "qchain.stat", "pk": 1024, "fields": {"stat_date": "2017-07-28", "impressions": 3587, "clicks": 118, "rpm": "1.51243322", "revenue": "3.63678434", "contract": [28]}}, {"model": "qchain.stat", "pk": 1025, "fields": {"stat_date": "2017-07-29", "impressions": 2909, "clicks": 611, "rpm": "0.19566236", "revenue": "3.42396255", "contract": [28]}}, {"model": "qchain.stat", "pk": 1026, "fields": {"stat_date": "2017-07-30", "impressions": 1799, "clicks": 213, "rpm": "3.72336216", "revenue": "4.11535846", "contract": [28]}}, {"model": "qchain.stat", "pk": 1027, "fields": {"stat_date": "2017-07-31", "impressions": 2891, "clicks": 350, "rpm": "1.75374297", "revenue": "2.29283121", "contract": [28]}}, {"model": "qchain.stat", "pk": 1028, "fields": {"stat_date": "2017-07-01", "impressions": 2389, "clicks": 335, "rpm": "2.33924780", "revenue": "4.03057573", "contract": [29]}}, {"model": "qchain.stat", "pk": 1029, "fields": {"stat_date": "2017-07-02", "impressions": 1116, "clicks": 967, "rpm": "2.22865508", "revenue": "3.14437716", "contract": [29]}}, {"model": "qchain.stat", "pk": 1030, "fields": {"stat_date": "2017-07-03", "impressions": 4911, "clicks": 853, "rpm": "1.03495426", "revenue": "3.00310518", "contract": [29]}}, {"model": "qchain.stat", "pk": 1031, "fields": {"stat_date": "2017-07-04", "impressions": 2072, "clicks": 85, "rpm": "1.50591194", "revenue": "2.47307331", "contract": [29]}}, {"model": "qchain.stat", "pk": 1032, "fields": {"stat_date": "2017-07-05", "impressions": 806, "clicks": 641, "rpm": "2.45247104", "revenue": "2.49876926", "contract": [29]}}, {"model": "qchain.stat", "pk": 1033, "fields": {"stat_date": "2017-07-06", "impressions": 3311, "clicks": 462, "rpm": "0.76313573", "revenue": "3.41407509", "contract": [29]}}, {"model": "qchain.stat", "pk": 1034, "fields": {"stat_date": "2017-07-07", "impressions": 89, "clicks": 371, "rpm": "0.24136046", "revenue": "2.63071319", "contract": [29]}}, {"model": "qchain.stat", "pk": 1035, "fields": {"stat_date": "2017-07-08", "impressions": 3758, "clicks": 358, "rpm": "3.01788896", "revenue": "3.34260530", "contract": [29]}}, {"model": "qchain.stat", "pk": 1036, "fields": {"stat_date": "2017-07-09", "impressions": 2054, "clicks": 414, "rpm": "2.55736730", "revenue": "1.01760071", "contract": [29]}}, {"model": "qchain.stat", "pk": 1037, "fields": {"stat_date": "2017-07-10", "impressions": 3948, "clicks": 472, "rpm": "1.89976961", "revenue": "3.51948249", "contract": [29]}}, {"model": "qchain.stat", "pk": 1038, "fields": {"stat_date": "2017-07-11", "impressions": 4867, "clicks": 106, "rpm": "1.69211719", "revenue": "4.10920975", "contract": [29]}}, {"model": "qchain.stat", "pk": 1039, "fields": {"stat_date": "2017-07-12", "impressions": 883, "clicks": 908, "rpm": "1.59607594", "revenue": "4.05566793", "contract": [29]}}, {"model": "qchain.stat", "pk": 1040, "fields": {"stat_date": "2017-07-13", "impressions": 4862, "clicks": 692, "rpm": "1.22089690", "revenue": "4.40417722", "contract": [29]}}, {"model": "qchain.stat", "pk": 1041, "fields": {"stat_date": "2017-07-14", "impressions": 2954, "clicks": 227, "rpm": "2.96134940", "revenue": "3.55790939", "contract": [29]}}, {"model": "qchain.stat", "pk": 1042, "fields": {"stat_date": "2017-07-15", "impressions": 1106, "clicks": 388, "rpm": "1.66668656", "revenue": "4.34467720", "contract": [29]}}, {"model": "qchain.stat", "pk": 1043, "fields": {"stat_date": "2017-07-16", "impressions": 686, "clicks": 859, "rpm": "1.63705808", "revenue": "4.63953413", "contract": [29]}}, {"model": "qchain.stat", "pk": 1044, "fields": {"stat_date": "2017-07-17", "impressions": 1307, "clicks": 639, "rpm": "0.23137800", "revenue": "1.60572573", "contract": [29]}}, {"model": "qchain.stat", "pk": 1045, "fields": {"stat_date": "2017-07-18", "impressions": 2730, "clicks": 968, "rpm": "0.15564693", "revenue": "2.31238296", "contract": [29]}}, {"model": "qchain.stat", "pk": 1046, "fields": {"stat_date": "2017-07-19", "impressions": 2855, "clicks": 153, "rpm": "2.77295660", "revenue": "3.16262212", "contract": [29]}}, {"model": "qchain.stat", "pk": 1047, "fields": {"stat_date": "2017-07-20", "impressions": 154, "clicks": 630, "rpm": "2.13352421", "revenue": "2.18963099", "contract": [29]}}, {"model": "qchain.stat", "pk": 1048, "fields": {"stat_date": "2017-07-21", "impressions": 2944, "clicks": 673, "rpm": "2.94547464", "revenue": "4.28612458", "contract": [29]}}, {"model": "qchain.stat", "pk": 1049, "fields": {"stat_date": "2017-07-22", "impressions": 3918, "clicks": 245, "rpm": "1.93002476", "revenue": "2.99340961", "contract": [29]}}, {"model": "qchain.stat", "pk": 1050, "fields": {"stat_date": "2017-07-23", "impressions": 2525, "clicks": 6, "rpm": "2.06432558", "revenue": "3.05301203", "contract": [29]}}, {"model": "qchain.stat", "pk": 1051, "fields": {"stat_date": "2017-07-24", "impressions": 2443, "clicks": 83, "rpm": "1.57279753", "revenue": "2.46981236", "contract": [29]}}, {"model": "qchain.stat", "pk": 1052, "fields": {"stat_date": "2017-07-25", "impressions": 1208, "clicks": 633, "rpm": "0.93228293", "revenue": "1.84807469", "contract": [29]}}, {"model": "qchain.stat", "pk": 1053, "fields": {"stat_date": "2017-07-26", "impressions": 2240, "clicks": 890, "rpm": "0.70868226", "revenue": "2.00987663", "contract": [29]}}, {"model": "qchain.stat", "pk": 1054, "fields": {"stat_date": "2017-07-27", "impressions": 1125, "clicks": 619, "rpm": "2.37910117", "revenue": "2.89802411", "contract": [29]}}, {"model": "qchain.stat", "pk": 1055, "fields": {"stat_date": "2017-07-28", "impressions": 4004, "clicks": 154, "rpm": "1.66328428", "revenue": "2.85773902", "contract": [29]}}, {"model": "qchain.stat", "pk": 1056, "fields": {"stat_date": "2017-07-29", "impressions": 4401, "clicks": 376, "rpm": "3.10287370", "revenue": "2.10399698", "contract": [29]}}, {"model": "qchain.stat", "pk": 1057, "fields": {"stat_date": "2017-07-30", "impressions": 1512, "clicks": 324, "rpm": "0.76763236", "revenue": "2.30530682", "contract": [29]}}, {"model": "qchain.stat", "pk": 1058, "fields": {"stat_date": "2017-07-31", "impressions": 1298, "clicks": 572, "rpm": "0.89121749", "revenue": "2.66625283", "contract": [29]}}, {"model": "qchain.stat", "pk": 1059, "fields": {"stat_date": "2017-07-01", "impressions": 2862, "clicks": 111, "rpm": "3.07403102", "revenue": "4.44756060", "contract": [30]}}, {"model": "qchain.stat", "pk": 1060, "fields": {"stat_date": "2017-07-02", "impressions": 3251, "clicks": 987, "rpm": "1.98061566", "revenue": "2.08851522", "contract": [30]}}, {"model": "qchain.stat", "pk": 1061, "fields": {"stat_date": "2017-07-03", "impressions": 3921, "clicks": 852, "rpm": "0.41671780", "revenue": "1.74781546", "contract": [30]}}, {"model": "qchain.stat", "pk": 1062, "fields": {"stat_date": "2017-07-04", "impressions": 985, "clicks": 246, "rpm": "1.85916408", "revenue": "2.51105261", "contract": [30]}}, {"model": "qchain.stat", "pk": 1063, "fields": {"stat_date": "2017-07-05", "impressions": 3240, "clicks": 116, "rpm": "1.29552134", "revenue": "0.87601811", "contract": [30]}}, {"model": "qchain.stat", "pk": 1064, "fields": {"stat_date": "2017-07-06", "impressions": 700, "clicks": 460, "rpm": "1.10791670", "revenue": "1.66521900", "contract": [30]}}, {"model": "qchain.stat", "pk": 1065, "fields": {"stat_date": "2017-07-07", "impressions": 3096, "clicks": 946, "rpm": "2.09935159", "revenue": "2.75346455", "contract": [30]}}, {"model": "qchain.stat", "pk": 1066, "fields": {"stat_date": "2017-07-08", "impressions": 2722, "clicks": 925, "rpm": "3.16123660", "revenue": "3.09841929", "contract": [30]}}, {"model": "qchain.stat", "pk": 1067, "fields": {"stat_date": "2017-07-09", "impressions": 3900, "clicks": 852, "rpm": "0.96347835", "revenue": "4.56944336", "contract": [30]}}, {"model": "qchain.stat", "pk": 1068, "fields": {"stat_date": "2017-07-10", "impressions": 85, "clicks": 390, "rpm": "0.55839319", "revenue": "3.22212970", "contract": [30]}}, {"model": "qchain.stat", "pk": 1069, "fields": {"stat_date": "2017-07-11", "impressions": 3288, "clicks": 303, "rpm": "2.45193285", "revenue": "5.06227357", "contract": [30]}}, {"model": "qchain.stat", "pk": 1070, "fields": {"stat_date": "2017-07-12", "impressions": 1881, "clicks": 939, "rpm": "2.76581846", "revenue": "1.89084820", "contract": [30]}}, {"model": "qchain.stat", "pk": 1071, "fields": {"stat_date": "2017-07-13", "impressions": 813, "clicks": 240, "rpm": "1.59199253", "revenue": "3.22290778", "contract": [30]}}, {"model": "qchain.stat", "pk": 1072, "fields": {"stat_date": "2017-07-14", "impressions": 318, "clicks": 747, "rpm": "1.47719033", "revenue": "3.63161237", "contract": [30]}}, {"model": "qchain.stat", "pk": 1073, "fields": {"stat_date": "2017-07-15", "impressions": 1723, "clicks": 222, "rpm": "0.22857402", "revenue": "1.17052620", "contract": [30]}}, {"model": "qchain.stat", "pk": 1074, "fields": {"stat_date": "2017-07-16", "impressions": 4216, "clicks": 279, "rpm": "2.26263911", "revenue": "2.30436311", "contract": [30]}}, {"model": "qchain.stat", "pk": 1075, "fields": {"stat_date": "2017-07-17", "impressions": 4931, "clicks": 964, "rpm": "2.22860015", "revenue": "3.83389918", "contract": [30]}}, {"model": "qchain.stat", "pk": 1076, "fields": {"stat_date": "2017-07-18", "impressions": 3638, "clicks": 613, "rpm": "0.69354393", "revenue": "4.34020353", "contract": [30]}}, {"model": "qchain.stat", "pk": 1077, "fields": {"stat_date": "2017-07-19", "impressions": 385, "clicks": 681, "rpm": "3.59351696", "revenue": "4.07585774", "contract": [30]}}, {"model": "qchain.stat", "pk": 1078, "fields": {"stat_date": "2017-07-20", "impressions": 839, "clicks": 724, "rpm": "2.12107772", "revenue": "3.31978507", "contract": [30]}}, {"model": "qchain.stat", "pk": 1079, "fields": {"stat_date": "2017-07-21", "impressions": 1541, "clicks": 685, "rpm": "2.43592201", "revenue": "2.90291919", "contract": [30]}}, {"model": "qchain.stat", "pk": 1080, "fields": {"stat_date": "2017-07-22", "impressions": 1701, "clicks": 133, "rpm": "2.76743580", "revenue": "3.09738218", "contract": [30]}}, {"model": "qchain.stat", "pk": 1081, "fields": {"stat_date": "2017-07-23", "impressions": 2036, "clicks": 507, "rpm": "0.60239456", "revenue": "3.78017020", "contract": [30]}}, {"model": "qchain.stat", "pk": 1082, "fields": {"stat_date": "2017-07-24", "impressions": 4436, "clicks": 200, "rpm": "0.84192726", "revenue": "4.04225480", "contract": [30]}}, {"model": "qchain.stat", "pk": 1083, "fields": {"stat_date": "2017-07-25", "impressions": 2675, "clicks": 602, "rpm": "1.96385794", "revenue": "3.06330334", "contract": [30]}}, {"model": "qchain.stat", "pk": 1084, "fields": {"stat_date": "2017-07-26", "impressions": 238, "clicks": 445, "rpm": "2.24025082", "revenue": "3.77334420", "contract": [30]}}, {"model": "qchain.stat", "pk": 1085, "fields": {"stat_date": "2017-07-27", "impressions": 4154, "clicks": 722, "rpm": "1.43398828", "revenue": "3.67640314", "contract": [30]}}, {"model": "qchain.stat", "pk": 1086, "fields": {"stat_date": "2017-07-28", "impressions": 2102, "clicks": 0, "rpm": "1.14329081", "revenue": "3.22818751", "contract": [30]}}, {"model": "qchain.stat", "pk": 1087, "fields": {"stat_date": "2017-07-29", "impressions": 1750, "clicks": 622, "rpm": "0.37886893", "revenue": "3.32170810", "contract": [30]}}, {"model": "qchain.stat", "pk": 1088, "fields": {"stat_date": "2017-07-30", "impressions": 10, "clicks": 197, "rpm": "0.83195519", "revenue": "2.23559292", "contract": [30]}}, {"model": "qchain.stat", "pk": 1089, "fields": {"stat_date": "2017-07-31", "impressions": 1131, "clicks": 657, "rpm": "4.58358586", "revenue": "2.01453458", "contract": [30]}}, {"model": "qchain.stat", "pk": 1090, "fields": {"stat_date": "2017-07-01", "impressions": 3013, "clicks": 143, "rpm": "2.22346758", "revenue": "4.40700031", "contract": [31]}}, {"model": "qchain.stat", "pk": 1091, "fields": {"stat_date": "2017-07-02", "impressions": 3557, "clicks": 93, "rpm": "2.26791803", "revenue": "1.42865442", "contract": [31]}}, {"model": "qchain.stat", "pk": 1092, "fields": {"stat_date": "2017-07-03", "impressions": 3810, "clicks": 956, "rpm": "0.80899658", "revenue": "1.93309769", "contract": [31]}}, {"model": "qchain.stat", "pk": 1093, "fields": {"stat_date": "2017-07-04", "impressions": 4270, "clicks": 316, "rpm": "1.28265351", "revenue": "3.11929749", "contract": [31]}}, {"model": "qchain.stat", "pk": 1094, "fields": {"stat_date": "2017-07-05", "impressions": 2177, "clicks": 58, "rpm": "2.41811947", "revenue": "2.49136960", "contract": [31]}}, {"model": "qchain.stat", "pk": 1095, "fields": {"stat_date": "2017-07-06", "impressions": 4165, "clicks": 55, "rpm": "2.74958443", "revenue": "3.62975824", "contract": [31]}}, {"model": "qchain.stat", "pk": 1096, "fields": {"stat_date": "2017-07-07", "impressions": 1483, "clicks": 697, "rpm": "1.63735696", "revenue": "2.79336574", "contract": [31]}}, {"model": "qchain.stat", "pk": 1097, "fields": {"stat_date": "2017-07-08", "impressions": 3544, "clicks": 296, "rpm": "0.76215465", "revenue": "4.65804137", "contract": [31]}}, {"model": "qchain.stat", "pk": 1098, "fields": {"stat_date": "2017-07-09", "impressions": 154, "clicks": 595, "rpm": "1.38121461", "revenue": "2.84054085", "contract": [31]}}, {"model": "qchain.stat", "pk": 1099, "fields": {"stat_date": "2017-07-10", "impressions": 94, "clicks": 825, "rpm": "2.95698600", "revenue": "4.13653189", "contract": [31]}}, {"model": "qchain.stat", "pk": 1100, "fields": {"stat_date": "2017-07-11", "impressions": 81, "clicks": 901, "rpm": "1.46037609", "revenue": "1.82166999", "contract": [31]}}, {"model": "qchain.stat", "pk": 1101, "fields": {"stat_date": "2017-07-12", "impressions": 4891, "clicks": 513, "rpm": "1.71821869", "revenue": "3.75019856", "contract": [31]}}, {"model": "qchain.stat", "pk": 1102, "fields": {"stat_date": "2017-07-13", "impressions": 3519, "clicks": 500, "rpm": "2.06522509", "revenue": "4.24298117", "contract": [31]}}, {"model": "qchain.stat", "pk": 1103, "fields": {"stat_date": "2017-07-14", "impressions": 224, "clicks": 862, "rpm": "2.19231486", "revenue": "3.25738811", "contract": [31]}}, {"model": "qchain.stat", "pk": 1104, "fields": {"stat_date": "2017-07-15", "impressions": 4128, "clicks": 512, "rpm": "2.43104288", "revenue": "2.05299959", "contract": [31]}}, {"model": "qchain.stat", "pk": 1105, "fields": {"stat_date": "2017-07-16", "impressions": 511, "clicks": 89, "rpm": "2.40461007", "revenue": "3.36747032", "contract": [31]}}, {"model": "qchain.stat", "pk": 1106, "fields": {"stat_date": "2017-07-17", "impressions": 3837, "clicks": 696, "rpm": "3.53698880", "revenue": "3.19368121", "contract": [31]}}, {"model": "qchain.stat", "pk": 1107, "fields": {"stat_date": "2017-07-18", "impressions": 4016, "clicks": 971, "rpm": "-0.32474642", "revenue": "3.09625383", "contract": [31]}}, {"model": "qchain.stat", "pk": 1108, "fields": {"stat_date": "2017-07-19", "impressions": 1969, "clicks": 703, "rpm": "4.08471319", "revenue": "1.54539794", "contract": [31]}}, {"model": "qchain.stat", "pk": 1109, "fields": {"stat_date": "2017-07-20", "impressions": 2038, "clicks": 479, "rpm": "2.32661094", "revenue": "2.06708231", "contract": [31]}}, {"model": "qchain.stat", "pk": 1110, "fields": {"stat_date": "2017-07-21", "impressions": 4793, "clicks": 583, "rpm": "2.86135726", "revenue": "2.50952762", "contract": [31]}}, {"model": "qchain.stat", "pk": 1111, "fields": {"stat_date": "2017-07-22", "impressions": 4105, "clicks": 958, "rpm": "2.15200233", "revenue": "3.33198068", "contract": [31]}}, {"model": "qchain.stat", "pk": 1112, "fields": {"stat_date": "2017-07-23", "impressions": 1466, "clicks": 197, "rpm": "0.61640125", "revenue": "2.57527413", "contract": [31]}}, {"model": "qchain.stat", "pk": 1113, "fields": {"stat_date": "2017-07-24", "impressions": 1303, "clicks": 961, "rpm": "3.26417364", "revenue": "2.45848028", "contract": [31]}}, {"model": "qchain.stat", "pk": 1114, "fields": {"stat_date": "2017-07-25", "impressions": 4469, "clicks": 295, "rpm": "1.61536995", "revenue": "0.21981546", "contract": [31]}}, {"model": "qchain.stat", "pk": 1115, "fields": {"stat_date": "2017-07-26", "impressions": 2532, "clicks": 562, "rpm": "3.22979689", "revenue": "2.65661072", "contract": [31]}}, {"model": "qchain.stat", "pk": 1116, "fields": {"stat_date": "2017-07-27", "impressions": 3436, "clicks": 613, "rpm": "0.33175096", "revenue": "2.94068739", "contract": [31]}}, {"model": "qchain.stat", "pk": 1117, "fields": {"stat_date": "2017-07-28", "impressions": 1913, "clicks": 867, "rpm": "2.86324044", "revenue": "4.42543423", "contract": [31]}}, {"model": "qchain.stat", "pk": 1118, "fields": {"stat_date": "2017-07-29", "impressions": 3239, "clicks": 486, "rpm": "2.23031007", "revenue": "2.02733861", "contract": [31]}}, {"model": "qchain.stat", "pk": 1119, "fields": {"stat_date": "2017-07-30", "impressions": 118, "clicks": 296, "rpm": "1.13072355", "revenue": "3.23688107", "contract": [31]}}, {"model": "qchain.stat", "pk": 1120, "fields": {"stat_date": "2017-07-31", "impressions": 3088, "clicks": 5, "rpm": "0.38325374", "revenue": "3.15583665", "contract": [31]}}, {"model": "qchain.stat", "pk": 1121, "fields": {"stat_date": "2017-08-01", "impressions": 4248, "clicks": 201, "rpm": "2.32870784", "revenue": "1.94936491", "contract": [26]}}, {"model": "qchain.stat", "pk": 1122, "fields": {"stat_date": "2017-08-02", "impressions": 888, "clicks": 95, "rpm": "1.61172695", "revenue": "0.56958410", "contract": [26]}}, {"model": "qchain.stat", "pk": 1123, "fields": {"stat_date": "2017-08-03", "impressions": 1809, "clicks": 893, "rpm": "0.96548834", "revenue": "2.96796622", "contract": [26]}}, {"model": "qchain.stat", "pk": 1124, "fields": {"stat_date": "2017-08-04", "impressions": 2462, "clicks": 436, "rpm": "2.32561993", "revenue": "3.87719993", "contract": [26]}}, {"model": "qchain.stat", "pk": 1125, "fields": {"stat_date": "2017-08-05", "impressions": 4383, "clicks": 813, "rpm": "1.16470070", "revenue": "2.87571674", "contract": [26]}}, {"model": "qchain.stat", "pk": 1126, "fields": {"stat_date": "2017-08-06", "impressions": 1260, "clicks": 249, "rpm": "0.26309247", "revenue": "2.29621236", "contract": [26]}}, {"model": "qchain.stat", "pk": 1127, "fields": {"stat_date": "2017-08-07", "impressions": 4709, "clicks": 578, "rpm": "1.87633403", "revenue": "3.12688227", "contract": [26]}}, {"model": "qchain.stat", "pk": 1128, "fields": {"stat_date": "2017-08-08", "impressions": 3115, "clicks": 943, "rpm": "1.35624099", "revenue": "3.19217649", "contract": [26]}}, {"model": "qchain.stat", "pk": 1129, "fields": {"stat_date": "2017-08-09", "impressions": 3084, "clicks": 973, "rpm": "1.34833972", "revenue": "3.07091050", "contract": [26]}}, {"model": "qchain.stat", "pk": 1130, "fields": {"stat_date": "2017-08-10", "impressions": 1555, "clicks": 937, "rpm": "1.89383568", "revenue": "1.83661428", "contract": [26]}}, {"model": "qchain.stat", "pk": 1131, "fields": {"stat_date": "2017-08-11", "impressions": 2553, "clicks": 775, "rpm": "3.31290347", "revenue": "2.69945580", "contract": [26]}}, {"model": "qchain.stat", "pk": 1132, "fields": {"stat_date": "2017-08-12", "impressions": 4210, "clicks": 498, "rpm": "1.04674330", "revenue": "3.70881360", "contract": [26]}}, {"model": "qchain.stat", "pk": 1133, "fields": {"stat_date": "2017-08-13", "impressions": 3867, "clicks": 478, "rpm": "1.02548593", "revenue": "2.46594869", "contract": [26]}}, {"model": "qchain.stat", "pk": 1134, "fields": {"stat_date": "2017-08-14", "impressions": 3636, "clicks": 555, "rpm": "1.78639476", "revenue": "3.06473811", "contract": [26]}}, {"model": "qchain.stat", "pk": 1135, "fields": {"stat_date": "2017-08-15", "impressions": 478, "clicks": 101, "rpm": "3.52674342", "revenue": "3.44001669", "contract": [26]}}, {"model": "qchain.stat", "pk": 1136, "fields": {"stat_date": "2017-08-16", "impressions": 2531, "clicks": 686, "rpm": "2.14185824", "revenue": "2.64158962", "contract": [26]}}, {"model": "qchain.stat", "pk": 1137, "fields": {"stat_date": "2017-08-17", "impressions": 3568, "clicks": 423, "rpm": "0.80151636", "revenue": "3.41544352", "contract": [26]}}, {"model": "qchain.stat", "pk": 1138, "fields": {"stat_date": "2017-08-18", "impressions": 1091, "clicks": 575, "rpm": "1.41559373", "revenue": "3.25030177", "contract": [26]}}, {"model": "qchain.stat", "pk": 1139, "fields": {"stat_date": "2017-08-19", "impressions": 704, "clicks": 34, "rpm": "0.92794708", "revenue": "3.29750713", "contract": [26]}}, {"model": "qchain.stat", "pk": 1140, "fields": {"stat_date": "2017-08-20", "impressions": 1754, "clicks": 224, "rpm": "2.22927870", "revenue": "1.88885977", "contract": [26]}}, {"model": "qchain.stat", "pk": 1141, "fields": {"stat_date": "2017-08-21", "impressions": 4011, "clicks": 157, "rpm": "0.17034973", "revenue": "2.65629858", "contract": [26]}}, {"model": "qchain.stat", "pk": 1142, "fields": {"stat_date": "2017-08-22", "impressions": 2575, "clicks": 578, "rpm": "1.35022943", "revenue": "1.71217759", "contract": [26]}}, {"model": "qchain.stat", "pk": 1143, "fields": {"stat_date": "2017-08-23", "impressions": 449, "clicks": 855, "rpm": "1.21210336", "revenue": "3.79204975", "contract": [26]}}, {"model": "qchain.stat", "pk": 1144, "fields": {"stat_date": "2017-08-24", "impressions": 1823, "clicks": 340, "rpm": "3.90417567", "revenue": "3.67169050", "contract": [26]}}, {"model": "qchain.stat", "pk": 1145, "fields": {"stat_date": "2017-08-25", "impressions": 362, "clicks": 35, "rpm": "3.13052984", "revenue": "4.06912670", "contract": [26]}}, {"model": "qchain.stat", "pk": 1146, "fields": {"stat_date": "2017-08-26", "impressions": 110, "clicks": 134, "rpm": "2.16530864", "revenue": "1.41424688", "contract": [26]}}, {"model": "qchain.stat", "pk": 1147, "fields": {"stat_date": "2017-08-27", "impressions": 4289, "clicks": 833, "rpm": "1.17341597", "revenue": "3.59696055", "contract": [26]}}, {"model": "qchain.stat", "pk": 1148, "fields": {"stat_date": "2017-08-28", "impressions": 804, "clicks": 285, "rpm": "1.69708269", "revenue": "2.68785240", "contract": [26]}}, {"model": "qchain.stat", "pk": 1149, "fields": {"stat_date": "2017-08-29", "impressions": 1942, "clicks": 93, "rpm": "2.13087875", "revenue": "0.92980310", "contract": [26]}}, {"model": "qchain.stat", "pk": 1150, "fields": {"stat_date": "2017-08-30", "impressions": 4117, "clicks": 581, "rpm": "1.58654545", "revenue": "3.18919677", "contract": [26]}}, {"model": "qchain.stat", "pk": 1151, "fields": {"stat_date": "2017-08-31", "impressions": 3216, "clicks": 196, "rpm": "3.39241104", "revenue": "0.61628466", "contract": [26]}}, {"model": "qchain.stat", "pk": 1152, "fields": {"stat_date": "2017-08-01", "impressions": 2045, "clicks": 129, "rpm": "1.85538227", "revenue": "1.45689618", "contract": [27]}}, {"model": "qchain.stat", "pk": 1153, "fields": {"stat_date": "2017-08-02", "impressions": 3598, "clicks": 97, "rpm": "3.09336566", "revenue": "4.35548611", "contract": [27]}}, {"model": "qchain.stat", "pk": 1154, "fields": {"stat_date": "2017-08-03", "impressions": 3313, "clicks": 111, "rpm": "2.02644598", "revenue": "5.01490309", "contract": [27]}}, {"model": "qchain.stat", "pk": 1155, "fields": {"stat_date": "2017-08-04", "impressions": 2532, "clicks": 165, "rpm": "2.95828551", "revenue": "3.79729706", "contract": [27]}}, {"model": "qchain.stat", "pk": 1156, "fields": {"stat_date": "2017-08-05", "impressions": 376, "clicks": 338, "rpm": "2.24818828", "revenue": "2.79071885", "contract": [27]}}, {"model": "qchain.stat", "pk": 1157, "fields": {"stat_date": "2017-08-06", "impressions": 4110, "clicks": 460, "rpm": "1.55356629", "revenue": "4.05499139", "contract": [27]}}, {"model": "qchain.stat", "pk": 1158, "fields": {"stat_date": "2017-08-07", "impressions": 2924, "clicks": 12, "rpm": "1.64231858", "revenue": "3.41094379", "contract": [27]}}, {"model": "qchain.stat", "pk": 1159, "fields": {"stat_date": "2017-08-08", "impressions": 943, "clicks": 338, "rpm": "1.65632502", "revenue": "2.82975889", "contract": [27]}}, {"model": "qchain.stat", "pk": 1160, "fields": {"stat_date": "2017-08-09", "impressions": 4018, "clicks": 442, "rpm": "0.79072938", "revenue": "3.25412846", "contract": [27]}}, {"model": "qchain.stat", "pk": 1161, "fields": {"stat_date": "2017-08-10", "impressions": 4746, "clicks": 536, "rpm": "1.54759519", "revenue": "3.96341588", "contract": [27]}}, {"model": "qchain.stat", "pk": 1162, "fields": {"stat_date": "2017-08-11", "impressions": 1153, "clicks": 894, "rpm": "2.04873499", "revenue": "3.38397805", "contract": [27]}}, {"model": "qchain.stat", "pk": 1163, "fields": {"stat_date": "2017-08-12", "impressions": 1644, "clicks": 306, "rpm": "2.01605665", "revenue": "3.49639646", "contract": [27]}}, {"model": "qchain.stat", "pk": 1164, "fields": {"stat_date": "2017-08-13", "impressions": 4956, "clicks": 153, "rpm": "1.32275748", "revenue": "4.01189244", "contract": [27]}}, {"model": "qchain.stat", "pk": 1165, "fields": {"stat_date": "2017-08-14", "impressions": 4957, "clicks": 210, "rpm": "1.14324968", "revenue": "4.73125591", "contract": [27]}}, {"model": "qchain.stat", "pk": 1166, "fields": {"stat_date": "2017-08-15", "impressions": 83, "clicks": 516, "rpm": "2.88966824", "revenue": "3.67739654", "contract": [27]}}, {"model": "qchain.stat", "pk": 1167, "fields": {"stat_date": "2017-08-16", "impressions": 2387, "clicks": 728, "rpm": "1.80849593", "revenue": "2.31090658", "contract": [27]}}, {"model": "qchain.stat", "pk": 1168, "fields": {"stat_date": "2017-08-17", "impressions": 2925, "clicks": 762, "rpm": "3.72275150", "revenue": "4.60514256", "contract": [27]}}, {"model": "qchain.stat", "pk": 1169, "fields": {"stat_date": "2017-08-18", "impressions": 949, "clicks": 554, "rpm": "2.79841509", "revenue": "2.71125539", "contract": [27]}}, {"model": "qchain.stat", "pk": 1170, "fields": {"stat_date": "2017-08-19", "impressions": 4977, "clicks": 309, "rpm": "0.83918801", "revenue": "5.26866030", "contract": [27]}}, {"model": "qchain.stat", "pk": 1171, "fields": {"stat_date": "2017-08-20", "impressions": 133, "clicks": 85, "rpm": "1.13251486", "revenue": "3.14589941", "contract": [27]}}, {"model": "qchain.stat", "pk": 1172, "fields": {"stat_date": "2017-08-21", "impressions": 4504, "clicks": 801, "rpm": "2.62569804", "revenue": "2.45133113", "contract": [27]}}, {"model": "qchain.stat", "pk": 1173, "fields": {"stat_date": "2017-08-22", "impressions": 420, "clicks": 585, "rpm": "0.17315865", "revenue": "1.02619209", "contract": [27]}}, {"model": "qchain.stat", "pk": 1174, "fields": {"stat_date": "2017-08-23", "impressions": 4372, "clicks": 918, "rpm": "2.04741745", "revenue": "3.23578730", "contract": [27]}}, {"model": "qchain.stat", "pk": 1175, "fields": {"stat_date": "2017-08-24", "impressions": 533, "clicks": 521, "rpm": "1.93177628", "revenue": "3.92248546", "contract": [27]}}, {"model": "qchain.stat", "pk": 1176, "fields": {"stat_date": "2017-08-25", "impressions": 1845, "clicks": 583, "rpm": "2.29830434", "revenue": "1.46145997", "contract": [27]}}, {"model": "qchain.stat", "pk": 1177, "fields": {"stat_date": "2017-08-26", "impressions": 1495, "clicks": 300, "rpm": "2.53259172", "revenue": "3.84646047", "contract": [27]}}, {"model": "qchain.stat", "pk": 1178, "fields": {"stat_date": "2017-08-27", "impressions": 2523, "clicks": 565, "rpm": "2.48276862", "revenue": "2.72046935", "contract": [27]}}, {"model": "qchain.stat", "pk": 1179, "fields": {"stat_date": "2017-08-28", "impressions": 4729, "clicks": 499, "rpm": "2.75297527", "revenue": "2.48732272", "contract": [27]}}, {"model": "qchain.stat", "pk": 1180, "fields": {"stat_date": "2017-08-29", "impressions": 810, "clicks": 706, "rpm": "2.36777143", "revenue": "3.12905282", "contract": [27]}}, {"model": "qchain.stat", "pk": 1181, "fields": {"stat_date": "2017-08-30", "impressions": 1052, "clicks": 148, "rpm": "1.80920304", "revenue": "2.71106109", "contract": [27]}}, {"model": "qchain.stat", "pk": 1182, "fields": {"stat_date": "2017-08-31", "impressions": 3521, "clicks": 771, "rpm": "2.47109592", "revenue": "2.16325395", "contract": [27]}}, {"model": "qchain.stat", "pk": 1183, "fields": {"stat_date": "2017-08-01", "impressions": 2279, "clicks": 774, "rpm": "0.24328825", "revenue": "2.31157482", "contract": [28]}}, {"model": "qchain.stat", "pk": 1184, "fields": {"stat_date": "2017-08-02", "impressions": 2827, "clicks": 408, "rpm": "0.96175568", "revenue": "2.76512393", "contract": [28]}}, {"model": "qchain.stat", "pk": 1185, "fields": {"stat_date": "2017-08-03", "impressions": 3918, "clicks": 920, "rpm": "2.29064969", "revenue": "4.35846423", "contract": [28]}}, {"model": "qchain.stat", "pk": 1186, "fields": {"stat_date": "2017-08-04", "impressions": 3363, "clicks": 192, "rpm": "2.97304953", "revenue": "1.95544944", "contract": [28]}}, {"model": "qchain.stat", "pk": 1187, "fields": {"stat_date": "2017-08-05", "impressions": 4684, "clicks": 671, "rpm": "2.17304061", "revenue": "3.27761101", "contract": [28]}}, {"model": "qchain.stat", "pk": 1188, "fields": {"stat_date": "2017-08-06", "impressions": 3039, "clicks": 105, "rpm": "3.37459939", "revenue": "1.70170139", "contract": [28]}}, {"model": "qchain.stat", "pk": 1189, "fields": {"stat_date": "2017-08-07", "impressions": 2080, "clicks": 202, "rpm": "3.12368719", "revenue": "1.90367396", "contract": [28]}}, {"model": "qchain.stat", "pk": 1190, "fields": {"stat_date": "2017-08-08", "impressions": 3663, "clicks": 199, "rpm": "2.94423999", "revenue": "3.86512572", "contract": [28]}}, {"model": "qchain.stat", "pk": 1191, "fields": {"stat_date": "2017-08-09", "impressions": 2488, "clicks": 619, "rpm": "3.21031667", "revenue": "3.61309518", "contract": [28]}}, {"model": "qchain.stat", "pk": 1192, "fields": {"stat_date": "2017-08-10", "impressions": 2478, "clicks": 556, "rpm": "1.93604329", "revenue": "2.78673112", "contract": [28]}}, {"model": "qchain.stat", "pk": 1193, "fields": {"stat_date": "2017-08-11", "impressions": 1268, "clicks": 551, "rpm": "2.46085348", "revenue": "1.39116448", "contract": [28]}}, {"model": "qchain.stat", "pk": 1194, "fields": {"stat_date": "2017-08-12", "impressions": 3148, "clicks": 815, "rpm": "0.89804838", "revenue": "3.61343466", "contract": [28]}}, {"model": "qchain.stat", "pk": 1195, "fields": {"stat_date": "2017-08-13", "impressions": 308, "clicks": 843, "rpm": "2.76221201", "revenue": "4.08507266", "contract": [28]}}, {"model": "qchain.stat", "pk": 1196, "fields": {"stat_date": "2017-08-14", "impressions": 2085, "clicks": 551, "rpm": "0.63177072", "revenue": "5.51347379", "contract": [28]}}, {"model": "qchain.stat", "pk": 1197, "fields": {"stat_date": "2017-08-15", "impressions": 4063, "clicks": 449, "rpm": "2.09043323", "revenue": "2.99876870", "contract": [28]}}, {"model": "qchain.stat", "pk": 1198, "fields": {"stat_date": "2017-08-16", "impressions": 3903, "clicks": 380, "rpm": "1.85870288", "revenue": "2.12834118", "contract": [28]}}, {"model": "qchain.stat", "pk": 1199, "fields": {"stat_date": "2017-08-17", "impressions": 4418, "clicks": 663, "rpm": "1.82655686", "revenue": "4.72754894", "contract": [28]}}, {"model": "qchain.stat", "pk": 1200, "fields": {"stat_date": "2017-08-18", "impressions": 3337, "clicks": 994, "rpm": "2.61460769", "revenue": "3.33892512", "contract": [28]}}, {"model": "qchain.stat", "pk": 1201, "fields": {"stat_date": "2017-08-19", "impressions": 4545, "clicks": 216, "rpm": "4.06810516", "revenue": "2.66764981", "contract": [28]}}, {"model": "qchain.stat", "pk": 1202, "fields": {"stat_date": "2017-08-20", "impressions": 1916, "clicks": 441, "rpm": "1.62330883", "revenue": "2.82178515", "contract": [28]}}, {"model": "qchain.stat", "pk": 1203, "fields": {"stat_date": "2017-08-21", "impressions": 1945, "clicks": 161, "rpm": "3.05540532", "revenue": "4.52705697", "contract": [28]}}, {"model": "qchain.stat", "pk": 1204, "fields": {"stat_date": "2017-08-22", "impressions": 4050, "clicks": 240, "rpm": "2.94297337", "revenue": "4.67726651", "contract": [28]}}, {"model": "qchain.stat", "pk": 1205, "fields": {"stat_date": "2017-08-23", "impressions": 1817, "clicks": 665, "rpm": "2.89828023", "revenue": "3.54679209", "contract": [28]}}, {"model": "qchain.stat", "pk": 1206, "fields": {"stat_date": "2017-08-24", "impressions": 2809, "clicks": 863, "rpm": "0.75290112", "revenue": "3.51556818", "contract": [28]}}, {"model": "qchain.stat", "pk": 1207, "fields": {"stat_date": "2017-08-25", "impressions": 1995, "clicks": 452, "rpm": "1.47861591", "revenue": "2.47430025", "contract": [28]}}, {"model": "qchain.stat", "pk": 1208, "fields": {"stat_date": "2017-08-26", "impressions": 3573, "clicks": 762, "rpm": "2.43599462", "revenue": "2.71678344", "contract": [28]}}, {"model": "qchain.stat", "pk": 1209, "fields": {"stat_date": "2017-08-27", "impressions": 387, "clicks": 199, "rpm": "1.31886484", "revenue": "0.08042677", "contract": [28]}}, {"model": "qchain.stat", "pk": 1210, "fields": {"stat_date": "2017-08-28", "impressions": 3454, "clicks": 19, "rpm": "2.43559039", "revenue": "3.49819573", "contract": [28]}}, {"model": "qchain.stat", "pk": 1211, "fields": {"stat_date": "2017-08-29", "impressions": 2243, "clicks": 894, "rpm": "0.87710191", "revenue": "2.96101304", "contract": [28]}}, {"model": "qchain.stat", "pk": 1212, "fields": {"stat_date": "2017-08-30", "impressions": 4981, "clicks": 617, "rpm": "2.82145761", "revenue": "4.26852324", "contract": [28]}}, {"model": "qchain.stat", "pk": 1213, "fields": {"stat_date": "2017-08-31", "impressions": 4634, "clicks": 987, "rpm": "0.26570231", "revenue": "2.02717396", "contract": [28]}}, {"model": "qchain.stat", "pk": 1214, "fields": {"stat_date": "2017-08-01", "impressions": 3134, "clicks": 803, "rpm": "0.67971781", "revenue": "3.02123417", "contract": [29]}}, {"model": "qchain.stat", "pk": 1215, "fields": {"stat_date": "2017-08-02", "impressions": 841, "clicks": 318, "rpm": "2.89276672", "revenue": "2.40766795", "contract": [29]}}, {"model": "qchain.stat", "pk": 1216, "fields": {"stat_date": "2017-08-03", "impressions": 1110, "clicks": 270, "rpm": "1.92400878", "revenue": "0.66572182", "contract": [29]}}, {"model": "qchain.stat", "pk": 1217, "fields": {"stat_date": "2017-08-04", "impressions": 1811, "clicks": 8, "rpm": "3.12508009", "revenue": "2.35516705", "contract": [29]}}, {"model": "qchain.stat", "pk": 1218, "fields": {"stat_date": "2017-08-05", "impressions": 2597, "clicks": 516, "rpm": "1.92811947", "revenue": "0.61272428", "contract": [29]}}, {"model": "qchain.stat", "pk": 1219, "fields": {"stat_date": "2017-08-06", "impressions": 4368, "clicks": 854, "rpm": "2.11509340", "revenue": "2.68245629", "contract": [29]}}, {"model": "qchain.stat", "pk": 1220, "fields": {"stat_date": "2017-08-07", "impressions": 3443, "clicks": 899, "rpm": "3.56121380", "revenue": "4.18938484", "contract": [29]}}, {"model": "qchain.stat", "pk": 1221, "fields": {"stat_date": "2017-08-08", "impressions": 4636, "clicks": 380, "rpm": "2.37998056", "revenue": "4.39736765", "contract": [29]}}, {"model": "qchain.stat", "pk": 1222, "fields": {"stat_date": "2017-08-09", "impressions": 1354, "clicks": 80, "rpm": "0.27465187", "revenue": "3.72810412", "contract": [29]}}, {"model": "qchain.stat", "pk": 1223, "fields": {"stat_date": "2017-08-10", "impressions": 2666, "clicks": 601, "rpm": "2.31959996", "revenue": "2.98972249", "contract": [29]}}, {"model": "qchain.stat", "pk": 1224, "fields": {"stat_date": "2017-08-11", "impressions": 4961, "clicks": 868, "rpm": "0.80039581", "revenue": "3.98478506", "contract": [29]}}, {"model": "qchain.stat", "pk": 1225, "fields": {"stat_date": "2017-08-12", "impressions": 2725, "clicks": 130, "rpm": "0.57967966", "revenue": "3.70118057", "contract": [29]}}, {"model": "qchain.stat", "pk": 1226, "fields": {"stat_date": "2017-08-13", "impressions": 3214, "clicks": 501, "rpm": "1.85361851", "revenue": "5.02204145", "contract": [29]}}, {"model": "qchain.stat", "pk": 1227, "fields": {"stat_date": "2017-08-14", "impressions": 245, "clicks": 649, "rpm": "2.53773708", "revenue": "2.95754678", "contract": [29]}}, {"model": "qchain.stat", "pk": 1228, "fields": {"stat_date": "2017-08-15", "impressions": 1929, "clicks": 666, "rpm": "1.01067929", "revenue": "1.27361682", "contract": [29]}}, {"model": "qchain.stat", "pk": 1229, "fields": {"stat_date": "2017-08-16", "impressions": 4502, "clicks": 855, "rpm": "3.01041238", "revenue": "3.97533442", "contract": [29]}}, {"model": "qchain.stat", "pk": 1230, "fields": {"stat_date": "2017-08-17", "impressions": 685, "clicks": 263, "rpm": "1.13426430", "revenue": "5.27050296", "contract": [29]}}, {"model": "qchain.stat", "pk": 1231, "fields": {"stat_date": "2017-08-18", "impressions": 1439, "clicks": 231, "rpm": "1.29762157", "revenue": "3.33941961", "contract": [29]}}, {"model": "qchain.stat", "pk": 1232, "fields": {"stat_date": "2017-08-19", "impressions": 4095, "clicks": 767, "rpm": "2.63788176", "revenue": "1.87488213", "contract": [29]}}, {"model": "qchain.stat", "pk": 1233, "fields": {"stat_date": "2017-08-20", "impressions": 2296, "clicks": 506, "rpm": "0.16080810", "revenue": "3.97268618", "contract": [29]}}, {"model": "qchain.stat", "pk": 1234, "fields": {"stat_date": "2017-08-21", "impressions": 1385, "clicks": 778, "rpm": "0.68163680", "revenue": "3.11391872", "contract": [29]}}, {"model": "qchain.stat", "pk": 1235, "fields": {"stat_date": "2017-08-22", "impressions": 3677, "clicks": 565, "rpm": "2.44768991", "revenue": "2.99503977", "contract": [29]}}, {"model": "qchain.stat", "pk": 1236, "fields": {"stat_date": "2017-08-23", "impressions": 440, "clicks": 722, "rpm": "3.26658664", "revenue": "2.62909350", "contract": [29]}}, {"model": "qchain.stat", "pk": 1237, "fields": {"stat_date": "2017-08-24", "impressions": 868, "clicks": 939, "rpm": "1.01124743", "revenue": "3.21191617", "contract": [29]}}, {"model": "qchain.stat", "pk": 1238, "fields": {"stat_date": "2017-08-25", "impressions": 2765, "clicks": 35, "rpm": "1.72709859", "revenue": "4.28082089", "contract": [29]}}, {"model": "qchain.stat", "pk": 1239, "fields": {"stat_date": "2017-08-26", "impressions": 447, "clicks": 145, "rpm": "1.99698926", "revenue": "3.33035400", "contract": [29]}}, {"model": "qchain.stat", "pk": 1240, "fields": {"stat_date": "2017-08-27", "impressions": 3008, "clicks": 646, "rpm": "4.33765231", "revenue": "2.93077163", "contract": [29]}}, {"model": "qchain.stat", "pk": 1241, "fields": {"stat_date": "2017-08-28", "impressions": 1486, "clicks": 957, "rpm": "2.48801823", "revenue": "3.39287111", "contract": [29]}}, {"model": "qchain.stat", "pk": 1242, "fields": {"stat_date": "2017-08-29", "impressions": 4950, "clicks": 270, "rpm": "2.56950264", "revenue": "4.74011465", "contract": [29]}}, {"model": "qchain.stat", "pk": 1243, "fields": {"stat_date": "2017-08-30", "impressions": 905, "clicks": 976, "rpm": "2.22917961", "revenue": "3.91317214", "contract": [29]}}, {"model": "qchain.stat", "pk": 1244, "fields": {"stat_date": "2017-08-31", "impressions": 988, "clicks": 72, "rpm": "0.17258226", "revenue": "2.99976077", "contract": [29]}}, {"model": "qchain.stat", "pk": 1245, "fields": {"stat_date": "2017-08-01", "impressions": 1156, "clicks": 893, "rpm": "0.90494424", "revenue": "2.94264157", "contract": [30]}}, {"model": "qchain.stat", "pk": 1246, "fields": {"stat_date": "2017-08-02", "impressions": 3428, "clicks": 197, "rpm": "1.10781685", "revenue": "3.69909915", "contract": [30]}}, {"model": "qchain.stat", "pk": 1247, "fields": {"stat_date": "2017-08-03", "impressions": 3064, "clicks": 598, "rpm": "-0.21853413", "revenue": "4.14812788", "contract": [30]}}, {"model": "qchain.stat", "pk": 1248, "fields": {"stat_date": "2017-08-04", "impressions": 1964, "clicks": 53, "rpm": "3.81515948", "revenue": "3.19072945", "contract": [30]}}, {"model": "qchain.stat", "pk": 1249, "fields": {"stat_date": "2017-08-05", "impressions": 3767, "clicks": 811, "rpm": "3.21222414", "revenue": "2.88216580", "contract": [30]}}, {"model": "qchain.stat", "pk": 1250, "fields": {"stat_date": "2017-08-06", "impressions": 1108, "clicks": 20, "rpm": "0.65501135", "revenue": "3.16841849", "contract": [30]}}, {"model": "qchain.stat", "pk": 1251, "fields": {"stat_date": "2017-08-07", "impressions": 868, "clicks": 286, "rpm": "2.45019075", "revenue": "3.10619231", "contract": [30]}}, {"model": "qchain.stat", "pk": 1252, "fields": {"stat_date": "2017-08-08", "impressions": 3264, "clicks": 36, "rpm": "3.47283275", "revenue": "2.45982998", "contract": [30]}}, {"model": "qchain.stat", "pk": 1253, "fields": {"stat_date": "2017-08-09", "impressions": 1575, "clicks": 405, "rpm": "2.23138982", "revenue": "3.57000548", "contract": [30]}}, {"model": "qchain.stat", "pk": 1254, "fields": {"stat_date": "2017-08-10", "impressions": 3558, "clicks": 648, "rpm": "2.00701322", "revenue": "3.54656620", "contract": [30]}}, {"model": "qchain.stat", "pk": 1255, "fields": {"stat_date": "2017-08-11", "impressions": 1612, "clicks": 455, "rpm": "2.42583440", "revenue": "2.44871393", "contract": [30]}}, {"model": "qchain.stat", "pk": 1256, "fields": {"stat_date": "2017-08-12", "impressions": 3481, "clicks": 323, "rpm": "1.53930109", "revenue": "2.12843431", "contract": [30]}}, {"model": "qchain.stat", "pk": 1257, "fields": {"stat_date": "2017-08-13", "impressions": 4251, "clicks": 993, "rpm": "1.66095225", "revenue": "2.42909640", "contract": [30]}}, {"model": "qchain.stat", "pk": 1258, "fields": {"stat_date": "2017-08-14", "impressions": 100, "clicks": 620, "rpm": "1.34414199", "revenue": "3.78622055", "contract": [30]}}, {"model": "qchain.stat", "pk": 1259, "fields": {"stat_date": "2017-08-15", "impressions": 4833, "clicks": 738, "rpm": "2.51658248", "revenue": "2.99881862", "contract": [30]}}, {"model": "qchain.stat", "pk": 1260, "fields": {"stat_date": "2017-08-16", "impressions": 61, "clicks": 347, "rpm": "2.15837079", "revenue": "2.35526890", "contract": [30]}}, {"model": "qchain.stat", "pk": 1261, "fields": {"stat_date": "2017-08-17", "impressions": 2436, "clicks": 655, "rpm": "1.03452943", "revenue": "3.47443976", "contract": [30]}}, {"model": "qchain.stat", "pk": 1262, "fields": {"stat_date": "2017-08-18", "impressions": 2422, "clicks": 800, "rpm": "1.18990930", "revenue": "2.23550547", "contract": [30]}}, {"model": "qchain.stat", "pk": 1263, "fields": {"stat_date": "2017-08-19", "impressions": 4684, "clicks": 534, "rpm": "1.76637020", "revenue": "5.04807528", "contract": [30]}}, {"model": "qchain.stat", "pk": 1264, "fields": {"stat_date": "2017-08-20", "impressions": 4721, "clicks": 989, "rpm": "3.20326361", "revenue": "4.83140390", "contract": [30]}}, {"model": "qchain.stat", "pk": 1265, "fields": {"stat_date": "2017-08-21", "impressions": 2066, "clicks": 590, "rpm": "1.57468203", "revenue": "0.63924614", "contract": [30]}}, {"model": "qchain.stat", "pk": 1266, "fields": {"stat_date": "2017-08-22", "impressions": 1422, "clicks": 928, "rpm": "1.31968043", "revenue": "2.75674029", "contract": [30]}}, {"model": "qchain.stat", "pk": 1267, "fields": {"stat_date": "2017-08-23", "impressions": 4197, "clicks": 211, "rpm": "1.64728196", "revenue": "3.58224874", "contract": [30]}}, {"model": "qchain.stat", "pk": 1268, "fields": {"stat_date": "2017-08-24", "impressions": 3820, "clicks": 71, "rpm": "2.67611754", "revenue": "4.23838455", "contract": [30]}}, {"model": "qchain.stat", "pk": 1269, "fields": {"stat_date": "2017-08-25", "impressions": 11, "clicks": 536, "rpm": "2.29444107", "revenue": "4.03429929", "contract": [30]}}, {"model": "qchain.stat", "pk": 1270, "fields": {"stat_date": "2017-08-26", "impressions": 2156, "clicks": 910, "rpm": "2.40112911", "revenue": "2.83191879", "contract": [30]}}, {"model": "qchain.stat", "pk": 1271, "fields": {"stat_date": "2017-08-27", "impressions": 656, "clicks": 938, "rpm": "1.16764526", "revenue": "3.13192259", "contract": [30]}}, {"model": "qchain.stat", "pk": 1272, "fields": {"stat_date": "2017-08-28", "impressions": 1797, "clicks": 174, "rpm": "2.47270464", "revenue": "3.83976759", "contract": [30]}}, {"model": "qchain.stat", "pk": 1273, "fields": {"stat_date": "2017-08-29", "impressions": 974, "clicks": 991, "rpm": "3.60684617", "revenue": "4.69906444", "contract": [30]}}, {"model": "qchain.stat", "pk": 1274, "fields": {"stat_date": "2017-08-30", "impressions": 2738, "clicks": 544, "rpm": "1.31214637", "revenue": "3.85740225", "contract": [30]}}, {"model": "qchain.stat", "pk": 1275, "fields": {"stat_date": "2017-08-31", "impressions": 2102, "clicks": 772, "rpm": "2.42297972", "revenue": "3.09282789", "contract": [30]}}, {"model": "qchain.stat", "pk": 1276, "fields": {"stat_date": "2017-08-01", "impressions": 2243, "clicks": 338, "rpm": "0.11196961", "revenue": "2.45187830", "contract": [31]}}, {"model": "qchain.stat", "pk": 1277, "fields": {"stat_date": "2017-08-02", "impressions": 2628, "clicks": 29, "rpm": "1.44209787", "revenue": "3.18734201", "contract": [31]}}, {"model": "qchain.stat", "pk": 1278, "fields": {"stat_date": "2017-08-03", "impressions": 1578, "clicks": 763, "rpm": "2.27783922", "revenue": "2.21134317", "contract": [31]}}, {"model": "qchain.stat", "pk": 1279, "fields": {"stat_date": "2017-08-04", "impressions": 3694, "clicks": 592, "rpm": "3.34002391", "revenue": "1.61593154", "contract": [31]}}, {"model": "qchain.stat", "pk": 1280, "fields": {"stat_date": "2017-08-05", "impressions": 4826, "clicks": 477, "rpm": "3.28427152", "revenue": "1.38310095", "contract": [31]}}, {"model": "qchain.stat", "pk": 1281, "fields": {"stat_date": "2017-08-06", "impressions": 2415, "clicks": 948, "rpm": "1.95845117", "revenue": "3.05919953", "contract": [31]}}, {"model": "qchain.stat", "pk": 1282, "fields": {"stat_date": "2017-08-07", "impressions": 2730, "clicks": 377, "rpm": "2.48822303", "revenue": "1.47003075", "contract": [31]}}, {"model": "qchain.stat", "pk": 1283, "fields": {"stat_date": "2017-08-08", "impressions": 3471, "clicks": 388, "rpm": "1.57671921", "revenue": "2.36209568", "contract": [31]}}, {"model": "qchain.stat", "pk": 1284, "fields": {"stat_date": "2017-08-09", "impressions": 185, "clicks": 782, "rpm": "2.17827654", "revenue": "4.12712228", "contract": [31]}}, {"model": "qchain.stat", "pk": 1285, "fields": {"stat_date": "2017-08-10", "impressions": 4078, "clicks": 265, "rpm": "3.31584239", "revenue": "0.91004604", "contract": [31]}}, {"model": "qchain.stat", "pk": 1286, "fields": {"stat_date": "2017-08-11", "impressions": 4359, "clicks": 530, "rpm": "2.47698319", "revenue": "4.21163491", "contract": [31]}}, {"model": "qchain.stat", "pk": 1287, "fields": {"stat_date": "2017-08-12", "impressions": 693, "clicks": 550, "rpm": "1.28268230", "revenue": "2.93224133", "contract": [31]}}, {"model": "qchain.stat", "pk": 1288, "fields": {"stat_date": "2017-08-13", "impressions": 4104, "clicks": 170, "rpm": "3.05080813", "revenue": "3.48155063", "contract": [31]}}, {"model": "qchain.stat", "pk": 1289, "fields": {"stat_date": "2017-08-14", "impressions": 1182, "clicks": 902, "rpm": "3.41256457", "revenue": "3.05648054", "contract": [31]}}, {"model": "qchain.stat", "pk": 1290, "fields": {"stat_date": "2017-08-15", "impressions": 1811, "clicks": 542, "rpm": "0.67493538", "revenue": "2.09325152", "contract": [31]}}, {"model": "qchain.stat", "pk": 1291, "fields": {"stat_date": "2017-08-16", "impressions": 1567, "clicks": 609, "rpm": "2.01032830", "revenue": "2.31427701", "contract": [31]}}, {"model": "qchain.stat", "pk": 1292, "fields": {"stat_date": "2017-08-17", "impressions": 832, "clicks": 371, "rpm": "2.21488661", "revenue": "3.57456441", "contract": [31]}}, {"model": "qchain.stat", "pk": 1293, "fields": {"stat_date": "2017-08-18", "impressions": 1901, "clicks": 60, "rpm": "2.12873967", "revenue": "2.90208541", "contract": [31]}}, {"model": "qchain.stat", "pk": 1294, "fields": {"stat_date": "2017-08-19", "impressions": 3116, "clicks": 861, "rpm": "3.64396985", "revenue": "2.33229056", "contract": [31]}}, {"model": "qchain.stat", "pk": 1295, "fields": {"stat_date": "2017-08-20", "impressions": 2972, "clicks": 967, "rpm": "3.44730171", "revenue": "3.75375756", "contract": [31]}}, {"model": "qchain.stat", "pk": 1296, "fields": {"stat_date": "2017-08-21", "impressions": 4578, "clicks": 738, "rpm": "3.18044183", "revenue": "3.12906921", "contract": [31]}}, {"model": "qchain.stat", "pk": 1297, "fields": {"stat_date": "2017-08-22", "impressions": 4447, "clicks": 124, "rpm": "0.23455975", "revenue": "3.90348871", "contract": [31]}}, {"model": "qchain.stat", "pk": 1298, "fields": {"stat_date": "2017-08-23", "impressions": 54, "clicks": 336, "rpm": "2.30691493", "revenue": "4.09016859", "contract": [31]}}, {"model": "qchain.stat", "pk": 1299, "fields": {"stat_date": "2017-08-24", "impressions": 3575, "clicks": 713, "rpm": "1.11511209", "revenue": "4.04559719", "contract": [31]}}, {"model": "qchain.stat", "pk": 1300, "fields": {"stat_date": "2017-08-25", "impressions": 3834, "clicks": 984, "rpm": "2.86583321", "revenue": "4.13498645", "contract": [31]}}, {"model": "qchain.stat", "pk": 1301, "fields": {"stat_date": "2017-08-26", "impressions": 4329, "clicks": 957, "rpm": "1.56767383", "revenue": "3.71118871", "contract": [31]}}, {"model": "qchain.stat", "pk": 1302, "fields": {"stat_date": "2017-08-27", "impressions": 1139, "clicks": 43, "rpm": "0.71229343", "revenue": "3.65289300", "contract": [31]}}, {"model": "qchain.stat", "pk": 1303, "fields": {"stat_date": "2017-08-28", "impressions": 1150, "clicks": 556, "rpm": "1.75606723", "revenue": "2.49474657", "contract": [31]}}, {"model": "qchain.stat", "pk": 1304, "fields": {"stat_date": "2017-08-29", "impressions": 357, "clicks": 731, "rpm": "0.73734177", "revenue": "2.80700936", "contract": [31]}}, {"model": "qchain.stat", "pk": 1305, "fields": {"stat_date": "2017-08-30", "impressions": 2050, "clicks": 176, "rpm": "0.17003801", "revenue": "3.17834162", "contract": [31]}}, {"model": "qchain.stat", "pk": 1306, "fields": {"stat_date": "2017-08-31", "impressions": 3947, "clicks": 733, "rpm": "2.12589824", "revenue": "2.61058918", "contract": [31]}}, {"model": "qchain.requestforadv", "pk": 1, "fields": {"name": "First Request", "currency": "eqc", "asking_rate": "1.23466453", "ask_date_from": "2017-07-01", "ask_date_to": "2017-07-20", "msg": "First request's message", "adsp": [1]}}, {"model": "qchain.requestforadv", "pk": 2, "fields": {"name": "Second Request", "currency": "eqc", "asking_rate": "2.42367842", "ask_date_from": "2017-06-02", "ask_date_to": "2017-06-20", "msg": "Second request's message", "adsp": [2]}}, {"model": "auth.permission", "pk": 1, "fields": {"name": "Can add log entry", "content_type": 1, "codename": "add_logentry"}}, {"model": "auth.permission", "pk": 2, "fields": {"name": "Can change log entry", "content_type": 1, "codename": "change_logentry"}}, {"model": "auth.permission", "pk": 3, "fields": {"name": "Can delete log entry", "content_type": 1, "codename": "delete_logentry"}}, {"model": "auth.permission", "pk": 4, "fields": {"name": "Can add permission", "content_type": 2, "codename": "add_permission"}}, {"model": "auth.permission", "pk": 5, "fields": {"name": "Can change permission", "content_type": 2, "codename": "change_permission"}}, {"model": "auth.permission", "pk": 6, "fields": {"name": "Can delete permission", "content_type": 2, "codename": "delete_permission"}}, {"model": "auth.permission", "pk": 7, "fields": {"name": "Can add group", "content_type": 3, "codename": "add_group"}}, {"model": "auth.permission", "pk": 8, "fields": {"name": "Can change group", "content_type": 3, "codename": "change_group"}}, {"model": "auth.permission", "pk": 9, "fields": {"name": "Can delete group", "content_type": 3, "codename": "delete_group"}}, {"model": "auth.permission", "pk": 10, "fields": {"name": "Can add user", "content_type": 4, "codename": "add_user"}}, {"model": "auth.permission", "pk": 11, "fields": {"name": "Can change user", "content_type": 4, "codename": "change_user"}}, {"model": "auth.permission", "pk": 12, "fields": {"name": "Can delete user", "content_type": 4, "codename": "delete_user"}}, {"model": "auth.permission", "pk": 13, "fields": {"name": "Can add content type", "content_type": 5, "codename": "add_contenttype"}}, {"model": "auth.permission", "pk": 14, "fields": {"name": "Can change content type", "content_type": 5, "codename": "change_contenttype"}}, {"model": "auth.permission", "pk": 15, "fields": {"name": "Can delete content type", "content_type": 5, "codename": "delete_contenttype"}}, {"model": "auth.permission", "pk": 16, "fields": {"name": "Can add session", "content_type": 6, "codename": "add_session"}}, {"model": "auth.permission", "pk": 17, "fields": {"name": "Can change session", "content_type": 6, "codename": "change_session"}}, {"model": "auth.permission", "pk": 18, "fields": {"name": "Can delete session", "content_type": 6, "codename": "delete_session"}}, {"model": "auth.permission", "pk": 19, "fields": {"name": "Can add site", "content_type": 7, "codename": "add_site"}}, {"model": "auth.permission", "pk": 20, "fields": {"name": "Can change site", "content_type": 7, "codename": "change_site"}}, {"model": "auth.permission", "pk": 21, "fields": {"name": "Can delete site", "content_type": 7, "codename": "delete_site"}}, {"model": "auth.permission", "pk": 22, "fields": {"name": "Can add Token", "content_type": 8, "codename": "add_token"}}, {"model": "auth.permission", "pk": 23, "fields": {"name": "Can change Token", "content_type": 8, "codename": "change_token"}}, {"model": "auth.permission", "pk": 24, "fields": {"name": "Can delete Token", "content_type": 8, "codename": "delete_token"}}, {"model": "auth.permission", "pk": 25, "fields": {"name": "Can add account", "content_type": 9, "codename": "add_account"}}, {"model": "auth.permission", "pk": 26, "fields": {"name": "Can change account", "content_type": 9, "codename": "change_account"}}, {"model": "auth.permission", "pk": 27, "fields": {"name": "Can delete account", "content_type": 9, "codename": "delete_account"}}, {"model": "auth.permission", "pk": 28, "fields": {"name": "Can add signup code", "content_type": 10, "codename": "add_signupcode"}}, {"model": "auth.permission", "pk": 29, "fields": {"name": "Can change signup code", "content_type": 10, "codename": "change_signupcode"}}, {"model": "auth.permission", "pk": 30, "fields": {"name": "Can delete signup code", "content_type": 10, "codename": "delete_signupcode"}}, {"model": "auth.permission", "pk": 31, "fields": {"name": "Can add signup code result", "content_type": 11, "codename": "add_signupcoderesult"}}, {"model": "auth.permission", "pk": 32, "fields": {"name": "Can change signup code result", "content_type": 11, "codename": "change_signupcoderesult"}}, {"model": "auth.permission", "pk": 33, "fields": {"name": "Can delete signup code result", "content_type": 11, "codename": "delete_signupcoderesult"}}, {"model": "auth.permission", "pk": 34, "fields": {"name": "Can add email address", "content_type": 12, "codename": "add_emailaddress"}}, {"model": "auth.permission", "pk": 35, "fields": {"name": "Can change email address", "content_type": 12, "codename": "change_emailaddress"}}, {"model": "auth.permission", "pk": 36, "fields": {"name": "Can delete email address", "content_type": 12, "codename": "delete_emailaddress"}}, {"model": "auth.permission", "pk": 37, "fields": {"name": "Can add email confirmation", "content_type": 13, "codename": "add_emailconfirmation"}}, {"model": "auth.permission", "pk": 38, "fields": {"name": "Can change email confirmation", "content_type": 13, "codename": "change_emailconfirmation"}}, {"model": "auth.permission", "pk": 39, "fields": {"name": "Can delete email confirmation", "content_type": 13, "codename": "delete_emailconfirmation"}}, {"model": "auth.permission", "pk": 40, "fields": {"name": "Can add account deletion", "content_type": 14, "codename": "add_accountdeletion"}}, {"model": "auth.permission", "pk": 41, "fields": {"name": "Can change account deletion", "content_type": 14, "codename": "change_accountdeletion"}}, {"model": "auth.permission", "pk": 42, "fields": {"name": "Can delete account deletion", "content_type": 14, "codename": "delete_accountdeletion"}}, {"model": "auth.permission", "pk": 43, "fields": {"name": "Can add log", "content_type": 15, "codename": "add_log"}}, {"model": "auth.permission", "pk": 44, "fields": {"name": "Can change log", "content_type": 15, "codename": "change_log"}}, {"model": "auth.permission", "pk": 45, "fields": {"name": "Can delete log", "content_type": 15, "codename": "delete_log"}}, {"model": "auth.permission", "pk": 46, "fields": {"name": "Can add agent", "content_type": 16, "codename": "add_agent"}}, {"model": "auth.permission", "pk": 47, "fields": {"name": "Can change agent", "content_type": 16, "codename": "change_agent"}}, {"model": "auth.permission", "pk": 48, "fields": {"name": "Can delete agent", "content_type": 16, "codename": "delete_agent"}}, {"model": "auth.permission", "pk": 49, "fields": {"name": "Can add website", "content_type": 17, "codename": "add_website"}}, {"model": "auth.permission", "pk": 50, "fields": {"name": "Can change website", "content_type": 17, "codename": "change_website"}}, {"model": "auth.permission", "pk": 51, "fields": {"name": "Can delete website", "content_type": 17, "codename": "delete_website"}}, {"model": "auth.permission", "pk": 52, "fields": {"name": "Can add adspace", "content_type": 18, "codename": "add_adspace"}}, {"model": "auth.permission", "pk": 53, "fields": {"name": "Can change adspace", "content_type": 18, "codename": "change_adspace"}}, {"model": "auth.permission", "pk": 54, "fields": {"name": "Can delete adspace", "content_type": 18, "codename": "delete_adspace"}}, {"model": "auth.permission", "pk": 55, "fields": {"name": "Can add ad", "content_type": 19, "codename": "add_ad"}}, {"model": "auth.permission", "pk": 56, "fields": {"name": "Can change ad", "content_type": 19, "codename": "change_ad"}}, {"model": "auth.permission", "pk": 57, "fields": {"name": "Can delete ad", "content_type": 19, "codename": "delete_ad"}}, {"model": "auth.permission", "pk": 58, "fields": {"name": "Can add contract", "content_type": 20, "codename": "add_contract"}}, {"model": "auth.permission", "pk": 59, "fields": {"name": "Can change contract", "content_type": 20, "codename": "change_contract"}}, {"model": "auth.permission", "pk": 60, "fields": {"name": "Can delete contract", "content_type": 20, "codename": "delete_contract"}}, {"model": "auth.permission", "pk": 61, "fields": {"name": "Can add stat", "content_type": 21, "codename": "add_stat"}}, {"model": "auth.permission", "pk": 62, "fields": {"name": "Can change stat", "content_type": 21, "codename": "change_stat"}}, {"model": "auth.permission", "pk": 63, "fields": {"name": "Can delete stat", "content_type": 21, "codename": "delete_stat"}}, {"model": "auth.permission", "pk": 64, "fields": {"name": "Can add request for adv", "content_type": 22, "codename": "add_requestforadv"}}, {"model": "auth.permission", "pk": 65, "fields": {"name": "Can change request for adv", "content_type": 22, "codename": "change_requestforadv"}}, {"model": "auth.permission", "pk": 66, "fields": {"name": "Can delete request for adv", "content_type": 22, "codename": "delete_requestforadv"}}, {"model": "auth.permission", "pk": 67, "fields": {"name": "Can add ad listing", "content_type": 23, "codename": "add_adlisting"}}, {"model": "auth.permission", "pk": 68, "fields": {"name": "Can change ad listing", "content_type": 23, "codename": "change_adlisting"}}, {"model": "auth.permission", "pk": 69, "fields": {"name": "Can delete ad listing", "content_type": 23, "codename": "delete_adlisting"}}, {"model": "auth.user", "pk": 1, "fields": {"password": "pbkdf2_sha256$24000$1wAD6v5PsRBU$b5snMOb1pLOlCDn8UG+qf78MkZJQX+t/0z6Wjt6N9bU=", "last_login": "2017-09-29T14:37:25.328Z", "is_superuser": true, "username": "team", "first_name": "", "last_name": "", "email": "", "is_staff": true, "is_active": true, "date_joined": "2017-08-13T17:21:30.166Z", "groups": [], "user_permissions": []}}, {"model": "auth.user", "pk": 2, "fields": {"password": "pbkdf2_sha256$24000$5gJdYq9h9JMt$YQGbjXsx5R10/k9EhXgQvip0W2YOPHXAqBYC78F+xnc=", "last_login": null, "is_superuser": true, "username": "advertiser1", "first_name": "", "last_name": "", "email": "", "is_staff": true, "is_active": true, "date_joined": "2017-08-13T17:21:31.519Z", "groups": [], "user_permissions": []}}, {"model": "auth.user", "pk": 3, "fields": {"password": "pbkdf2_sha256$24000$sAUD5aDXbrqD$bFx1P7WcYbt3xN60dL6tWljpk6n5vw6x5R6kCvnR8nw=", "last_login": "2017-08-13T17:52:09.076Z", "is_superuser": true, "username": "publisher1", "first_name": "", "last_name": "", "email": "", "is_staff": true, "is_active": true, "date_joined": "2017-08-13T17:21:32.609Z", "groups": [], "user_permissions": []}}, {"model": "authtoken.token", "pk": "feedc8c800c2e47ae2c9d1cddc4a4dadcaf02325", "fields": {"user": 3, "created": "2017-08-23T17:55:46.746Z"}}, {"model": "account.account", "pk": 1, "fields": {"user": 1, "timezone": "", "language": "en-us"}}, {"model": "account.account", "pk": 2, "fields": {"user": 2, "timezone": "", "language": "en-us"}}, {"model": "account.account", "pk": 3, "fields": {"user": 3, "timezone": "", "language": "en-us"}}, {"model": "eventlog.log", "pk": 1, "fields": {"user": 1, "timestamp": "2017-08-28T20:13:33.877Z", "action": "USER_LOGGED_IN", "content_type": null, "object_id": null, "extra": "{}"}}, {"model": "eventlog.log", "pk": 2, "fields": {"user": 1, "timestamp": "2017-08-30T14:12:18.560Z", "action": "USER_LOGGED_IN", "content_type": null, "object_id": null, "extra": "{}"}}, {"model": "eventlog.log", "pk": 3, "fields": {"user": 1, "timestamp": "2017-09-29T14:37:25.391Z", "action": "USER_LOGGED_IN", "content_type": null, "object_id": null, "extra": "{}"}}, {"model": "qchain.agent", "pk": 1, "fields": {"user": 1, "birthdate": null, "bio": null, "e_balance": "0E-8", "x_balance": "0E-8"}}, {"model": "qchain.agent", "pk": 2, "fields": {"user": 2, "birthdate": null, "bio": null, "e_balance": "0E-8", "x_balance": "0E-8"}}, {"model": "qchain.agent", "pk": 3, "fields": {"user": 3, "birthdate": "2017-08-13", "bio": "I am a publisher and I have adspaces for which I look for ads", "e_balance": "28.77643540", "x_balance": "32.53244230"}}, {"model": "qchain.website", "pk": 1, "fields": {"user": 3, "link": "http://www.adgoeshere.com", "name": "AdGoesHere", "description": "The website on which the ad is displayed", "genres": "Gaming"}}, {"model": "qchain.website", "pk": 2, "fields": {"user": 3, "link": "http://www.adgoeshere2.com", "name": "AdGoesHere2", "description": "The website on which the ad is displayed", "genres": "Gaming"}}, {"model": "qchain.website", "pk": 3, "fields": {"user": 3, "link": "www.website10.com", "name": "Website 10", "description": "Description for website no. 10", "genres": "Movies"}}, {"model": "qchain.website", "pk": 4, "fields": {"user": 3, "link": "www.website11.com", "name": "Website 11", "description": "Description for website no. 11", "genres": "Porn"}}, {"model": "qchain.website", "pk": 5, "fields": {"user": 3, "link": "www.website12.com", "name": "Website 12", "description": "Description for website no. 12", "genres": "Gaming"}}, {"model": "qchain.website", "pk": 6, "fields": {"user": 3, "link": "www.website13.com", "name": "Website 13", "description": "Description for website no. 13", "genres": "Porn"}}, {"model": "qchain.website", "pk": 7, "fields": {"user": 3, "link": "www.website14.com", "name": "Website 14", "description": "Description for website no. 14", "genres": "Gaming"}}, {"model": "qchain.website", "pk": 8, "fields": {"user": 3, "link": "www.website15.com", "name": "Website 15", "description": "Description for website no. 15", "genres": "Movies"}}, {"model": "qchain.website", "pk": 9, "fields": {"user": 3, "link": "www.website16.com", "name": "Website 16", "description": "Description for website no. 16", "genres": "Porn"}}, {"model": "qchain.website", "pk": 10, "fields": {"user": 3, "link": "www.website17.com", "name": "Website 17", "description": "Description for website no. 17", "genres": "Movies"}}, {"model": "qchain.website", "pk": 11, "fields": {"user": 3, "link": "www.website18.com", "name": "Website 18", "description": "Description for website no. 18", "genres": "Porn"}}, {"model": "qchain.website", "pk": 12, "fields": {"user": 3, "link": "www.website19.com", "name": "Website 19", "description": "Description for website no. 19", "genres": "Gaming"}}, {"model": "qchain.website", "pk": 13, "fields": {"user": 2, "link": "www.advwebsite10.com", "name": "Adv Website 10", "description": "Description for adv website no. 10", "genres": "Auto"}}, {"model": "qchain.website", "pk": 14, "fields": {"user": 2, "link": "www.advwebsite11.com", "name": "Adv Website 11", "description": "Description for adv website no. 11", "genres": "Gaming"}}, {"model": "qchain.website", "pk": 15, "fields": {"user": 2, "link": "www.advwebsite12.com", "name": "Adv Website 12", "description": "Description for adv website no. 12", "genres": "Movies"}}, {"model": "qchain.adspace", "pk": 1, "fields": {"publisher": 3, "website": 1, "name": "Right Banner on AdGoesHere.com", "adtype": "ban_right", "genre": "Gaming", "height": 300, "width": 100}}, {"model": "qchain.adspace", "pk": 2, "fields": {"publisher": 3, "website": 1, "name": "Left Banner on AdGoesHere.com", "adtype": "ban_left", "genre": "Gaming", "height": 300, "width": 100}}, {"model": "qchain.adspace", "pk": 3, "fields": {"publisher": 3, "website": 3, "name": "AdSpaceNo10", "adtype": "popup", "genre": "Movies", "height": 188, "width": 38}}, {"model": "qchain.adspace", "pk": 4, "fields": {"publisher": 3, "website": 10, "name": "AdSpaceNo11", "adtype": "ban_left", "genre": "Movies", "height": 116, "width": 46}}, {"model": "qchain.adspace", "pk": 5, "fields": {"publisher": 3, "website": 1, "name": "AdSpaceNo12", "adtype": "ban_left", "genre": "Gaming", "height": 94, "width": 3}}, {"model": "qchain.adspace", "pk": 6, "fields": {"publisher": 3, "website": 10, "name": "AdSpaceNo13", "adtype": "popup", "genre": "Movies", "height": 216, "width": 65}}, {"model": "qchain.adspace", "pk": 7, "fields": {"publisher": 3, "website": 8, "name": "AdSpaceNo14", "adtype": "ban_left", "genre": "Movies", "height": 163, "width": 37}}, {"model": "qchain.adspace", "pk": 8, "fields": {"publisher": 3, "website": 2, "name": "AdSpaceNo15", "adtype": "popup", "genre": "Gaming", "height": 128, "width": 11}}, {"model": "qchain.adspace", "pk": 9, "fields": {"publisher": 3, "website": 6, "name": "AdSpaceNo16", "adtype": "ban_top_wide", "genre": "Porn", "height": 156, "width": 63}}, {"model": "qchain.adspace", "pk": 10, "fields": {"publisher": 3, "website": 11, "name": "AdSpaceNo17", "adtype": "ban_left", "genre": "Porn", "height": 88, "width": 54}}, {"model": "qchain.adspace", "pk": 11, "fields": {"publisher": 3, "website": 9, "name": "AdSpaceNo18", "adtype": "ban_left", "genre": "Porn", "height": 91, "width": 28}}, {"model": "qchain.adspace", "pk": 12, "fields": {"publisher": 3, "website": 10, "name": "AdSpaceNo19", "adtype": "popup", "genre": "Movies", "height": 203, "width": 51}}, {"model": "qchain.adspace", "pk": 13, "fields": {"publisher": 2, "website": 10, "name": "AdvAdSpaceNo10", "adtype": "popup", "genre": "Movies", "height": 38, "width": 54}}, {"model": "qchain.adspace", "pk": 14, "fields": {"publisher": 2, "website": 11, "name": "AdvAdSpaceNo11", "adtype": "ban_left", "genre": "Porn", "height": 220, "width": 27}}, {"model": "qchain.adspace", "pk": 15, "fields": {"publisher": 2, "website": 9, "name": "AdvAdSpaceNo12", "adtype": "ban_left", "genre": "Porn", "height": 187, "width": 58}}, {"model": "qchain.ad", "pk": 1, "fields": {"advertiser": 2, "name": "AdForHL3", "adtype": "ban_right", "genre": "Gaming", "content": "www.hl3.com", "height": 240, "width": 80}}, {"model": "qchain.ad", "pk": 2, "fields": {"advertiser": 2, "name": "AdForHL4", "adtype": "ban_left", "genre": "Gaming", "content": "www.hl4.com", "height": 240, "width": 80}}, {"model": "qchain.ad", "pk": 3, "fields": {"advertiser": 2, "name": "AdNo10", "adtype": "ban_top_wide", "genre": "Movies", "content": "www.hl4.com", "height": 111, "width": 62}}, {"model": "qchain.ad", "pk": 4, "fields": {"advertiser": 2, "name": "AdNo11", "adtype": "popup", "genre": "Porn", "content": "www.hl4.com", "height": 3, "width": 14}}, {"model": "qchain.ad", "pk": 5, "fields": {"advertiser": 2, "name": "AdNo12", "adtype": "popup", "genre": "Porn", "content": "www.hl4.com", "height": 224, "width": 46}}, {"model": "qchain.ad", "pk": 6, "fields": {"advertiser": 2, "name": "AdNo13", "adtype": "ban_top_wide", "genre": "Gaming", "content": "www.hl4.com", "height": 34, "width": 36}}, {"model": "qchain.ad", "pk": 7, "fields": {"advertiser": 2, "name": "AdNo14", "adtype": "popup", "genre": "Movies", "content": "www.hl4.com", "height": 104, "width": 55}}, {"model": "qchain.ad", "pk": 8, "fields": {"advertiser": 2, "name": "AdNo15", "adtype": "ban_left", "genre": "Movies", "content": "www.hl4.com", "height": 110, "width": 19}}, {"model": "qchain.ad", "pk": 9, "fields": {"advertiser": 2, "name": "AdNo16", "adtype": "ban_right", "genre": "Gaming", "content": "www.hl4.com", "height": 224, "width": 66}}, {"model": "qchain.ad", "pk": 10, "fields": {"advertiser": 2, "name": "AdNo17", "adtype": "ban_left", "genre": "Movies", "content": "www.hl4.com", "height": 64, "width": 69}}, {"model": "qchain.ad", "pk": 11, "fields": {"advertiser": 2, "name": "AdNo18", "adtype": "ban_left", "genre": "Auto", "content": "www.hl4.com", "height": 51, "width": 33}}, {"model": "qchain.ad", "pk": 12, "fields": {"advertiser": 2, "name": "AdNo19", "adtype": "ban_top_wide", "genre": "Movies", "content": "www.hl4.com", "height": 161, "width": 73}}, {"model": "qchain.ad", "pk": 13, "fields": {"advertiser": 3, "name": "PubAdNo10", "adtype": "ban_left", "genre": "Porn", "content": "www.hl4.com", "height": 29, "width": 75}}, {"model": "qchain.ad", "pk": 14, "fields": {"advertiser": 3, "name": "PubAdNo11", "adtype": "ban_top_wide", "genre": "Auto", "content": "www.hl4.com", "height": 34, "width": 35}}, {"model": "qchain.ad", "pk": 15, "fields": {"advertiser": 3, "name": "PubAdNo12", "adtype": "popup", "genre": "Porn", "content": "www.hl4.com", "height": 76, "width": 60}}, {"model": "admin.logentry", "pk": 1, "fields": {"action_time": "2017-08-13T17:53:09.618Z", "user": 3, "content_type": 16, "object_id": "3", "object_repr": "publisher1", "action_flag": 2, "change_message": "Changed birthdate, bio, e_balance and x_balance."}}, {"model": "admin.logentry", "pk": 2, "fields": {"action_time": "2017-08-13T18:13:01.930Z", "user": 3, "content_type": 20, "object_id": "1", "object_repr": "First Contract", "action_flag": 2, "change_message": "Changed currency."}}, {"model": "admin.logentry", "pk": 3, "fields": {"action_time": "2017-08-13T18:13:34.013Z", "user": 3, "content_type": 20, "object_id": "3", "object_repr": "Third Contract", "action_flag": 2, "change_message": "Changed name and currency."}}, {"model": "admin.logentry", "pk": 4, "fields": {"action_time": "2017-08-13T18:13:47.682Z", "user": 3, "content_type": 20, "object_id": "4", "object_repr": "Fourth Contract", "action_flag": 2, "change_message": "Changed name and currency."}}, {"model": "admin.logentry", "pk": 5, "fields": {"action_time": "2017-08-13T21:33:25.270Z", "user": 3, "content_type": 20, "object_id": "15", "object_repr": "Cont for AdNo10 on AdSpaceNo15", "action_flag": 3, "change_message": ""}}, {"model": "admin.logentry", "pk": 6, "fields": {"action_time": "2017-08-13T21:33:25.548Z", "user": 3, "content_type": 20, "object_id": "14", "object_repr": "Cont for AdNo14 on AdSpaceNo15", "action_flag": 3, "change_message": ""}}, {"model": "admin.logentry", "pk": 7, "fields": {"action_time": "2017-08-13T21:33:25.784Z", "user": 3, "content_type": 20, "object_id": "13", "object_repr": "Cont for AdNo14 on AdSpaceNo10", "action_flag": 3, "change_message": ""}}, {"model": "admin.logentry", "pk": 8, "fields": {"action_time": "2017-08-13T21:33:26.019Z", "user": 3, "content_type": 20, "object_id": "12", "object_repr": "Cont for AdNo16 on AdSpaceNo14", "action_flag": 3, "change_message": ""}}, {"model": "admin.logentry", "pk": 9, "fields": {"action_time": "2017-08-13T21:33:26.395Z", "user": 3, "content_type": 20, "object_id": "11", "object_repr": "Cont for AdNo10 on AdSpaceNo10", "action_flag": 3, "change_message": ""}}, {"model": "admin.logentry", "pk": 10, "fields": {"action_time": "2017-08-13T21:33:26.696Z", "user": 3, "content_type": 20, "object_id": "10", "object_repr": "Cont for AdForHL3 on Left Banner on AdGoesHere.com", "action_flag": 3, "change_message": ""}}, {"model": "admin.logentry", "pk": 11, "fields": {"action_time": "2017-08-13T21:33:26.872Z", "user": 3, "content_type": 20, "object_id": "9", "object_repr": "Cont for AdNo12 on Left Banner on AdGoesHere.com", "action_flag": 3, "change_message": ""}}, {"model": "admin.logentry", "pk": 12, "fields": {"action_time": "2017-08-13T21:33:27.099Z", "user": 3, "content_type": 20, "object_id": "8", "object_repr": "Cont for AdForHL3 on AdSpaceNo13", "action_flag": 3, "change_message": ""}}, {"model": "admin.logentry", "pk": 13, "fields": {"action_time": "2017-08-13T21:33:27.250Z", "user": 3, "content_type": 20, "object_id": "7", "object_repr": "Cont for AdNo11 on AdSpaceNo15", "action_flag": 3, "change_message": ""}}, {"model": "admin.logentry", "pk": 14, "fields": {"action_time": "2017-08-13T21:33:27.439Z", "user": 3, "content_type": 20, "object_id": "6", "object_repr": "Cont for AdNo19 on AdSpaceNo11", "action_flag": 3, "change_message": ""}}, {"model": "admin.logentry", "pk": 15, "fields": {"action_time": "2017-08-13T21:33:27.664Z", "user": 3, "content_type": 20, "object_id": "5", "object_repr": "Fifth Contract", "action_flag": 3, "change_message": ""}}, {"model": "admin.logentry", "pk": 16, "fields": {"action_time": "2017-08-13T21:33:27.829Z", "user": 3, "content_type": 20, "object_id": "4", "object_repr": "Fourth Contract", "action_flag": 3, "change_message": ""}}, {"model": "admin.logentry", "pk": 17, "fields": {"action_time": "2017-08-13T21:33:27.963Z", "user": 3, "content_type": 20, "object_id": "3", "object_repr": "Third Contract", "action_flag": 3, "change_message": ""}}, {"model": "admin.logentry", "pk": 18, "fields": {"action_time": "2017-08-13T21:33:28.138Z", "user": 3, "content_type": 20, "object_id": "2", "object_repr": "Second Contract", "action_flag": 3, "change_message": ""}}, {"model": "admin.logentry", "pk": 19, "fields": {"action_time": "2017-08-13T21:33:28.324Z", "user": 3, "content_type": 20, "object_id": "1", "object_repr": "First Contract", "action_flag": 3, "change_message": ""}}, {"model": "admin.logentry", "pk": 20, "fields": {"action_time": "2017-08-13T21:33:47.411Z", "user": 3, "content_type": 21, "object_id": "100", "object_repr": "Stats for date2017-07-20", "action_flag": 3, "change_message": ""}}, {"model": "admin.logentry", "pk": 21, "fields": {"action_time": "2017-08-13T21:33:47.683Z", "user": 3, "content_type": 21, "object_id": "99", "object_repr": "Stats for date2017-07-19", "action_flag": 3, "change_message": ""}}, {"model": "admin.logentry", "pk": 22, "fields": {"action_time": "2017-08-13T21:33:47.867Z", "user": 3, "content_type": 21, "object_id": "98", "object_repr": "Stats for date2017-07-18", "action_flag": 3, "change_message": ""}}, {"model": "admin.logentry", "pk": 23, "fields": {"action_time": "2017-08-13T21:33:48.085Z", "user": 3, "content_type": 21, "object_id": "97", "object_repr": "Stats for date2017-07-17", "action_flag": 3, "change_message": ""}}, {"model": "admin.logentry", "pk": 24, "fields": {"action_time": "2017-08-13T21:33:48.301Z", "user": 3, "content_type": 21, "object_id": "96", "object_repr": "Stats for date2017-07-16", "action_flag": 3, "change_message": ""}}, {"model": "admin.logentry", "pk": 25, "fields": {"action_time": "2017-08-13T21:33:48.452Z", "user": 3, "content_type": 21, "object_id": "95", "object_repr": "Stats for date2017-07-15", "action_flag": 3, "change_message": ""}}, {"model": "admin.logentry", "pk": 26, "fields": {"action_time": "2017-08-13T21:33:48.635Z", "user": 3, "content_type": 21, "object_id": "94", "object_repr": "Stats for date2017-07-14", "action_flag": 3, "change_message": ""}}, {"model": "admin.logentry", "pk": 27, "fields": {"action_time": "2017-08-13T21:33:48.787Z", "user": 3, "content_type": 21, "object_id": "93", "object_repr": "Stats for date2017-07-13", "action_flag": 3, "change_message": ""}}, {"model": "admin.logentry", "pk": 28, "fields": {"action_time": "2017-08-13T21:33:48.945Z", "user": 3, "content_type": 21, "object_id": "92", "object_repr": "Stats for date2017-07-12", "action_flag": 3, "change_message": ""}}, {"model": "admin.logentry", "pk": 29, "fields": {"action_time": "2017-08-13T21:33:49.113Z", "user": 3, "content_type": 21, "object_id": "91", "object_repr": "Stats for date2017-07-11", "action_flag": 3, "change_message": ""}}, {"model": "admin.logentry", "pk": 30, "fields": {"action_time": "2017-08-13T21:33:49.285Z", "user": 3, "content_type": 21, "object_id": "90", "object_repr": "Stats for date2017-07-10", "action_flag": 3, "change_message": ""}}, {"model": "admin.logentry", "pk": 31, "fields": {"action_time": "2017-08-13T21:33:49.452Z", "user": 3, "content_type": 21, "object_id": "89", "object_repr": "Stats for date2017-07-09", "action_flag": 3, "change_message": ""}}, {"model": "admin.logentry", "pk": 32, "fields": {"action_time": "2017-08-13T21:33:49.651Z", "user": 3, "content_type": 21, "object_id": "88", "object_repr": "Stats for date2017-07-08", "action_flag": 3, "change_message": ""}}, {"model": "admin.logentry", "pk": 33, "fields": {"action_time": "2017-08-13T21:33:49.803Z", "user": 3, "content_type": 21, "object_id": "87", "object_repr": "Stats for date2017-07-07", "action_flag": 3, "change_message": ""}}, {"model": "admin.logentry", "pk": 34, "fields": {"action_time": "2017-08-13T21:33:49.930Z", "user": 3, "content_type": 21, "object_id": "86", "object_repr": "Stats for date2017-07-06", "action_flag": 3, "change_message": ""}}, {"model": "admin.logentry", "pk": 35, "fields": {"action_time": "2017-08-13T21:33:50.070Z", "user": 3, "content_type": 21, "object_id": "85", "object_repr": "Stats for date2017-07-05", "action_flag": 3, "change_message": ""}}, {"model": "admin.logentry", "pk": 36, "fields": {"action_time": "2017-08-13T21:33:50.206Z", "user": 3, "content_type": 21, "object_id": "84", "object_repr": "Stats for date2017-07-04", "action_flag": 3, "change_message": ""}}, {"model": "admin.logentry", "pk": 37, "fields": {"action_time": "2017-08-13T21:33:50.348Z", "user": 3, "content_type": 21, "object_id": "83", "object_repr": "Stats for date2017-07-03", "action_flag": 3, "change_message": ""}}, {"model": "admin.logentry", "pk": 38, "fields": {"action_time": "2017-08-13T21:33:50.537Z", "user": 3, "content_type": 21, "object_id": "82", "object_repr": "Stats for date2017-07-02", "action_flag": 3, "change_message": ""}}, {"model": "admin.logentry", "pk": 39, "fields": {"action_time": "2017-08-13T21:33:50.667Z", "user": 3, "content_type": 21, "object_id": "81", "object_repr": "Stats for date2017-07-01", "action_flag": 3, "change_message": ""}}, {"model": "admin.logentry", "pk": 40, "fields": {"action_time": "2017-08-13T21:33:50.814Z", "user": 3, "content_type": 21, "object_id": "80", "object_repr": "Stats for date2017-07-20", "action_flag": 3, "change_message": ""}}, {"model": "admin.logentry", "pk": 41, "fields": {"action_time": "2017-08-13T21:33:50.947Z", "user": 3, "content_type": 21, "object_id": "79", "object_repr": "Stats for date2017-07-19", "action_flag": 3, "change_message": ""}}, {"model": "admin.logentry", "pk": 42, "fields": {"action_time": "2017-08-13T21:33:51.100Z", "user": 3, "content_type": 21, "object_id": "78", "object_repr": "Stats for date2017-07-18", "action_flag": 3, "change_message": ""}}, {"model": "admin.logentry", "pk": 43, "fields": {"action_time": "2017-08-13T21:33:51.224Z", "user": 3, "content_type": 21, "object_id": "77", "object_repr": "Stats for date2017-07-17", "action_flag": 3, "change_message": ""}}, {"model": "admin.logentry", "pk": 44, "fields": {"action_time": "2017-08-13T21:33:51.355Z", "user": 3, "content_type": 21, "object_id": "76", "object_repr": "Stats for date2017-07-16", "action_flag": 3, "change_message": ""}}, {"model": "admin.logentry", "pk": 45, "fields": {"action_time": "2017-08-13T21:33:51.480Z", "user": 3, "content_type": 21, "object_id": "75", "object_repr": "Stats for date2017-07-15", "action_flag": 3, "change_message": ""}}, {"model": "admin.logentry", "pk": 46, "fields": {"action_time": "2017-08-13T21:33:51.608Z", "user": 3, "content_type": 21, "object_id": "74", "object_repr": "Stats for date2017-07-14", "action_flag": 3, "change_message": ""}}, {"model": "admin.logentry", "pk": 47, "fields": {"action_time": "2017-08-13T21:33:51.741Z", "user": 3, "content_type": 21, "object_id": "73", "object_repr": "Stats for date2017-07-13", "action_flag": 3, "change_message": ""}}, {"model": "admin.logentry", "pk": 48, "fields": {"action_time": "2017-08-13T21:33:51.862Z", "user": 3, "content_type": 21, "object_id": "72", "object_repr": "Stats for date2017-07-12", "action_flag": 3, "change_message": ""}}, {"model": "admin.logentry", "pk": 49, "fields": {"action_time": "2017-08-13T21:33:51.995Z", "user": 3, "content_type": 21, "object_id": "71", "object_repr": "Stats for date2017-07-11", "action_flag": 3, "change_message": ""}}, {"model": "admin.logentry", "pk": 50, "fields": {"action_time": "2017-08-13T21:33:52.174Z", "user": 3, "content_type": 21, "object_id": "70", "object_repr": "Stats for date2017-07-10", "action_flag": 3, "change_message": ""}}, {"model": "admin.logentry", "pk": 51, "fields": {"action_time": "2017-08-13T21:33:52.775Z", "user": 3, "content_type": 21, "object_id": "69", "object_repr": "Stats for date2017-07-09", "action_flag": 3, "change_message": ""}}, {"model": "admin.logentry", "pk": 52, "fields": {"action_time": "2017-08-13T21:33:52.945Z", "user": 3, "content_type": 21, "object_id": "68", "object_repr": "Stats for date2017-07-08", "action_flag": 3, "change_message": ""}}, {"model": "admin.logentry", "pk": 53, "fields": {"action_time": "2017-08-13T21:33:53.237Z", "user": 3, "content_type": 21, "object_id": "67", "object_repr": "Stats for date2017-07-07", "action_flag": 3, "change_message": ""}}, {"model": "admin.logentry", "pk": 54, "fields": {"action_time": "2017-08-13T21:33:53.428Z", "user": 3, "content_type": 21, "object_id": "66", "object_repr": "Stats for date2017-07-06", "action_flag": 3, "change_message": ""}}, {"model": "admin.logentry", "pk": 55, "fields": {"action_time": "2017-08-13T21:33:53.614Z", "user": 3, "content_type": 21, "object_id": "65", "object_repr": "Stats for date2017-07-05", "action_flag": 3, "change_message": ""}}, {"model": "admin.logentry", "pk": 56, "fields": {"action_time": "2017-08-13T21:33:53.860Z", "user": 3, "content_type": 21, "object_id": "64", "object_repr": "Stats for date2017-07-04", "action_flag": 3, "change_message": ""}}, {"model": "admin.logentry", "pk": 57, "fields": {"action_time": "2017-08-13T21:33:54.102Z", "user": 3, "content_type": 21, "object_id": "63", "object_repr": "Stats for date2017-07-03", "action_flag": 3, "change_message": ""}}, {"model": "admin.logentry", "pk": 58, "fields": {"action_time": "2017-08-13T21:33:54.324Z", "user": 3, "content_type": 21, "object_id": "62", "object_repr": "Stats for date2017-07-02", "action_flag": 3, "change_message": ""}}, {"model": "admin.logentry", "pk": 59, "fields": {"action_time": "2017-08-13T21:33:54.515Z", "user": 3, "content_type": 21, "object_id": "61", "object_repr": "Stats for date2017-07-01", "action_flag": 3, "change_message": ""}}, {"model": "admin.logentry", "pk": 60, "fields": {"action_time": "2017-08-13T21:33:54.712Z", "user": 3, "content_type": 21, "object_id": "60", "object_repr": "Stats for date2017-07-20", "action_flag": 3, "change_message": ""}}, {"model": "admin.logentry", "pk": 61, "fields": {"action_time": "2017-08-13T21:33:54.892Z", "user": 3, "content_type": 21, "object_id": "59", "object_repr": "Stats for date2017-07-19", "action_flag": 3, "change_message": ""}}, {"model": "admin.logentry", "pk": 62, "fields": {"action_time": "2017-08-13T21:33:55.076Z", "user": 3, "content_type": 21, "object_id": "58", "object_repr": "Stats for date2017-07-18", "action_flag": 3, "change_message": ""}}, {"model": "admin.logentry", "pk": 63, "fields": {"action_time": "2017-08-13T21:33:55.239Z", "user": 3, "content_type": 21, "object_id": "57", "object_repr": "Stats for date2017-07-17", "action_flag": 3, "change_message": ""}}, {"model": "admin.logentry", "pk": 64, "fields": {"action_time": "2017-08-13T21:33:55.396Z", "user": 3, "content_type": 21, "object_id": "56", "object_repr": "Stats for date2017-07-16", "action_flag": 3, "change_message": ""}}, {"model": "admin.logentry", "pk": 65, "fields": {"action_time": "2017-08-13T21:33:55.572Z", "user": 3, "content_type": 21, "object_id": "55", "object_repr": "Stats for date2017-07-15", "action_flag": 3, "change_message": ""}}, {"model": "admin.logentry", "pk": 66, "fields": {"action_time": "2017-08-13T21:33:55.764Z", "user": 3, "content_type": 21, "object_id": "54", "object_repr": "Stats for date2017-07-14", "action_flag": 3, "change_message": ""}}, {"model": "admin.logentry", "pk": 67, "fields": {"action_time": "2017-08-13T21:33:55.983Z", "user": 3, "content_type": 21, "object_id": "53", "object_repr": "Stats for date2017-07-13", "action_flag": 3, "change_message": ""}}, {"model": "admin.logentry", "pk": 68, "fields": {"action_time": "2017-08-13T21:33:56.162Z", "user": 3, "content_type": 21, "object_id": "52", "object_repr": "Stats for date2017-07-12", "action_flag": 3, "change_message": ""}}, {"model": "admin.logentry", "pk": 69, "fields": {"action_time": "2017-08-13T21:33:56.429Z", "user": 3, "content_type": 21, "object_id": "51", "object_repr": "Stats for date2017-07-11", "action_flag": 3, "change_message": ""}}, {"model": "admin.logentry", "pk": 70, "fields": {"action_time": "2017-08-13T21:33:56.594Z", "user": 3, "content_type": 21, "object_id": "50", "object_repr": "Stats for date2017-07-10", "action_flag": 3, "change_message": ""}}, {"model": "admin.logentry", "pk": 71, "fields": {"action_time": "2017-08-13T21:33:56.750Z", "user": 3, "content_type": 21, "object_id": "49", "object_repr": "Stats for date2017-07-09", "action_flag": 3, "change_message": ""}}, {"model": "admin.logentry", "pk": 72, "fields": {"action_time": "2017-08-13T21:33:56.904Z", "user": 3, "content_type": 21, "object_id": "48", "object_repr": "Stats for date2017-07-08", "action_flag": 3, "change_message": ""}}, {"model": "admin.logentry", "pk": 73, "fields": {"action_time": "2017-08-13T21:33:57.072Z", "user": 3, "content_type": 21, "object_id": "47", "object_repr": "Stats for date2017-07-07", "action_flag": 3, "change_message": ""}}, {"model": "admin.logentry", "pk": 74, "fields": {"action_time": "2017-08-13T21:33:57.212Z", "user": 3, "content_type": 21, "object_id": "46", "object_repr": "Stats for date2017-07-06", "action_flag": 3, "change_message": ""}}, {"model": "admin.logentry", "pk": 75, "fields": {"action_time": "2017-08-13T21:33:57.349Z", "user": 3, "content_type": 21, "object_id": "45", "object_repr": "Stats for date2017-07-05", "action_flag": 3, "change_message": ""}}, {"model": "admin.logentry", "pk": 76, "fields": {"action_time": "2017-08-13T21:33:57.507Z", "user": 3, "content_type": 21, "object_id": "44", "object_repr": "Stats for date2017-07-04", "action_flag": 3, "change_message": ""}}, {"model": "admin.logentry", "pk": 77, "fields": {"action_time": "2017-08-13T21:33:57.708Z", "user": 3, "content_type": 21, "object_id": "43", "object_repr": "Stats for date2017-07-03", "action_flag": 3, "change_message": ""}}, {"model": "admin.logentry", "pk": 78, "fields": {"action_time": "2017-08-13T21:33:57.925Z", "user": 3, "content_type": 21, "object_id": "42", "object_repr": "Stats for date2017-07-02", "action_flag": 3, "change_message": ""}}, {"model": "admin.logentry", "pk": 79, "fields": {"action_time": "2017-08-13T21:33:58.112Z", "user": 3, "content_type": 21, "object_id": "41", "object_repr": "Stats for date2017-07-01", "action_flag": 3, "change_message": ""}}, {"model": "admin.logentry", "pk": 80, "fields": {"action_time": "2017-08-13T21:33:58.302Z", "user": 3, "content_type": 21, "object_id": "40", "object_repr": "Stats for date2017-07-20", "action_flag": 3, "change_message": ""}}, {"model": "admin.logentry", "pk": 81, "fields": {"action_time": "2017-08-13T21:33:58.441Z", "user": 3, "content_type": 21, "object_id": "39", "object_repr": "Stats for date2017-07-19", "action_flag": 3, "change_message": ""}}, {"model": "admin.logentry", "pk": 82, "fields": {"action_time": "2017-08-13T21:33:58.582Z", "user": 3, "content_type": 21, "object_id": "38", "object_repr": "Stats for date2017-07-18", "action_flag": 3, "change_message": ""}}, {"model": "admin.logentry", "pk": 83, "fields": {"action_time": "2017-08-13T21:33:58.738Z", "user": 3, "content_type": 21, "object_id": "37", "object_repr": "Stats for date2017-07-17", "action_flag": 3, "change_message": ""}}, {"model": "admin.logentry", "pk": 84, "fields": {"action_time": "2017-08-13T21:33:58.870Z", "user": 3, "content_type": 21, "object_id": "36", "object_repr": "Stats for date2017-07-16", "action_flag": 3, "change_message": ""}}, {"model": "admin.logentry", "pk": 85, "fields": {"action_time": "2017-08-13T21:33:59.029Z", "user": 3, "content_type": 21, "object_id": "35", "object_repr": "Stats for date2017-07-15", "action_flag": 3, "change_message": ""}}, {"model": "admin.logentry", "pk": 86, "fields": {"action_time": "2017-08-13T21:33:59.184Z", "user": 3, "content_type": 21, "object_id": "34", "object_repr": "Stats for date2017-07-14", "action_flag": 3, "change_message": ""}}, {"model": "admin.logentry", "pk": 87, "fields": {"action_time": "2017-08-13T21:33:59.351Z", "user": 3, "content_type": 21, "object_id": "33", "object_repr": "Stats for date2017-07-13", "action_flag": 3, "change_message": ""}}, {"model": "admin.logentry", "pk": 88, "fields": {"action_time": "2017-08-13T21:33:59.537Z", "user": 3, "content_type": 21, "object_id": "32", "object_repr": "Stats for date2017-07-12", "action_flag": 3, "change_message": ""}}, {"model": "admin.logentry", "pk": 89, "fields": {"action_time": "2017-08-13T21:33:59.676Z", "user": 3, "content_type": 21, "object_id": "31", "object_repr": "Stats for date2017-07-11", "action_flag": 3, "change_message": ""}}, {"model": "admin.logentry", "pk": 90, "fields": {"action_time": "2017-08-13T21:33:59.805Z", "user": 3, "content_type": 21, "object_id": "30", "object_repr": "Stats for date2017-07-10", "action_flag": 3, "change_message": ""}}, {"model": "admin.logentry", "pk": 91, "fields": {"action_time": "2017-08-13T21:33:59.951Z", "user": 3, "content_type": 21, "object_id": "29", "object_repr": "Stats for date2017-07-09", "action_flag": 3, "change_message": ""}}, {"model": "admin.logentry", "pk": 92, "fields": {"action_time": "2017-08-13T21:34:00.082Z", "user": 3, "content_type": 21, "object_id": "28", "object_repr": "Stats for date2017-07-08", "action_flag": 3, "change_message": ""}}, {"model": "admin.logentry", "pk": 93, "fields": {"action_time": "2017-08-13T21:34:00.232Z", "user": 3, "content_type": 21, "object_id": "27", "object_repr": "Stats for date2017-07-07", "action_flag": 3, "change_message": ""}}, {"model": "admin.logentry", "pk": 94, "fields": {"action_time": "2017-08-13T21:34:00.385Z", "user": 3, "content_type": 21, "object_id": "26", "object_repr": "Stats for date2017-07-06", "action_flag": 3, "change_message": ""}}, {"model": "admin.logentry", "pk": 95, "fields": {"action_time": "2017-08-13T21:34:00.542Z", "user": 3, "content_type": 21, "object_id": "25", "object_repr": "Stats for date2017-07-05", "action_flag": 3, "change_message": ""}}, {"model": "admin.logentry", "pk": 96, "fields": {"action_time": "2017-08-13T21:34:00.678Z", "user": 3, "content_type": 21, "object_id": "24", "object_repr": "Stats for date2017-07-04", "action_flag": 3, "change_message": ""}}, {"model": "admin.logentry", "pk": 97, "fields": {"action_time": "2017-08-13T21:34:00.895Z", "user": 3, "content_type": 21, "object_id": "23", "object_repr": "Stats for date2017-07-03", "action_flag": 3, "change_message": ""}}, {"model": "admin.logentry", "pk": 98, "fields": {"action_time": "2017-08-13T21:34:01.093Z", "user": 3, "content_type": 21, "object_id": "22", "object_repr": "Stats for date2017-07-02", "action_flag": 3, "change_message": ""}}, {"model": "admin.logentry", "pk": 99, "fields": {"action_time": "2017-08-13T21:34:01.331Z", "user": 3, "content_type": 21, "object_id": "21", "object_repr": "Stats for date2017-07-01", "action_flag": 3, "change_message": ""}}, {"model": "admin.logentry", "pk": 100, "fields": {"action_time": "2017-08-13T21:34:01.562Z", "user": 3, "content_type": 21, "object_id": "20", "object_repr": "Stats for date2017-07-20", "action_flag": 3, "change_message": ""}}, {"model": "admin.logentry", "pk": 101, "fields": {"action_time": "2017-08-13T21:34:01.801Z", "user": 3, "content_type": 21, "object_id": "19", "object_repr": "Stats for date2017-07-19", "action_flag": 3, "change_message": ""}}, {"model": "admin.logentry", "pk": 102, "fields": {"action_time": "2017-08-13T21:34:02.014Z", "user": 3, "content_type": 21, "object_id": "18", "object_repr": "Stats for date2017-07-18", "action_flag": 3, "change_message": ""}}, {"model": "admin.logentry", "pk": 103, "fields": {"action_time": "2017-08-13T21:34:02.298Z", "user": 3, "content_type": 21, "object_id": "17", "object_repr": "Stats for date2017-07-17", "action_flag": 3, "change_message": ""}}, {"model": "admin.logentry", "pk": 104, "fields": {"action_time": "2017-08-13T21:34:02.499Z", "user": 3, "content_type": 21, "object_id": "16", "object_repr": "Stats for date2017-07-16", "action_flag": 3, "change_message": ""}}, {"model": "admin.logentry", "pk": 105, "fields": {"action_time": "2017-08-13T21:34:02.716Z", "user": 3, "content_type": 21, "object_id": "15", "object_repr": "Stats for date2017-07-15", "action_flag": 3, "change_message": ""}}, {"model": "admin.logentry", "pk": 106, "fields": {"action_time": "2017-08-13T21:34:02.950Z", "user": 3, "content_type": 21, "object_id": "14", "object_repr": "Stats for date2017-07-14", "action_flag": 3, "change_message": ""}}, {"model": "admin.logentry", "pk": 107, "fields": {"action_time": "2017-08-13T21:34:03.155Z", "user": 3, "content_type": 21, "object_id": "13", "object_repr": "Stats for date2017-07-13", "action_flag": 3, "change_message": ""}}, {"model": "admin.logentry", "pk": 108, "fields": {"action_time": "2017-08-13T21:34:03.327Z", "user": 3, "content_type": 21, "object_id": "12", "object_repr": "Stats for date2017-07-12", "action_flag": 3, "change_message": ""}}, {"model": "admin.logentry", "pk": 109, "fields": {"action_time": "2017-08-13T21:34:03.494Z", "user": 3, "content_type": 21, "object_id": "11", "object_repr": "Stats for date2017-07-11", "action_flag": 3, "change_message": ""}}, {"model": "admin.logentry", "pk": 110, "fields": {"action_time": "2017-08-13T21:34:03.653Z", "user": 3, "content_type": 21, "object_id": "10", "object_repr": "Stats for date2017-07-10", "action_flag": 3, "change_message": ""}}, {"model": "admin.logentry", "pk": 111, "fields": {"action_time": "2017-08-13T21:34:03.790Z", "user": 3, "content_type": 21, "object_id": "9", "object_repr": "Stats for date2017-07-09", "action_flag": 3, "change_message": ""}}, {"model": "admin.logentry", "pk": 112, "fields": {"action_time": "2017-08-13T21:34:03.986Z", "user": 3, "content_type": 21, "object_id": "8", "object_repr": "Stats for date2017-07-08", "action_flag": 3, "change_message": ""}}, {"model": "admin.logentry", "pk": 113, "fields": {"action_time": "2017-08-13T21:34:04.140Z", "user": 3, "content_type": 21, "object_id": "7", "object_repr": "Stats for date2017-07-07", "action_flag": 3, "change_message": ""}}, {"model": "admin.logentry", "pk": 114, "fields": {"action_time": "2017-08-13T21:34:04.283Z", "user": 3, "content_type": 21, "object_id": "6", "object_repr": "Stats for date2017-07-06", "action_flag": 3, "change_message": ""}}, {"model": "admin.logentry", "pk": 115, "fields": {"action_time": "2017-08-13T21:34:04.496Z", "user": 3, "content_type": 21, "object_id": "5", "object_repr": "Stats for date2017-07-05", "action_flag": 3, "change_message": ""}}, {"model": "admin.logentry", "pk": 116, "fields": {"action_time": "2017-08-13T21:34:04.646Z", "user": 3, "content_type": 21, "object_id": "4", "object_repr": "Stats for date2017-07-04", "action_flag": 3, "change_message": ""}}, {"model": "admin.logentry", "pk": 117, "fields": {"action_time": "2017-08-13T21:34:04.786Z", "user": 3, "content_type": 21, "object_id": "3", "object_repr": "Stats for date2017-07-03", "action_flag": 3, "change_message": ""}}, {"model": "admin.logentry", "pk": 118, "fields": {"action_time": "2017-08-13T21:34:05.049Z", "user": 3, "content_type": 21, "object_id": "2", "object_repr": "Stats for date2017-07-02", "action_flag": 3, "change_message": ""}}, {"model": "admin.logentry", "pk": 119, "fields": {"action_time": "2017-08-13T21:34:05.220Z", "user": 3, "content_type": 21, "object_id": "1", "object_repr": "Stats for date2017-07-01", "action_flag": 3, "change_message": ""}}, {"model": "admin.logentry", "pk": 120, "fields": {"action_time": "2017-08-13T22:37:23.154Z", "user": 3, "content_type": 21, "object_id": "301", "object_repr": "Stats for date2017-07-10", "action_flag": 3, "change_message": ""}}, {"model": "admin.logentry", "pk": 121, "fields": {"action_time": "2017-08-13T22:37:23.360Z", "user": 3, "content_type": 21, "object_id": "300", "object_repr": "Stats for date2017-07-10", "action_flag": 3, "change_message": ""}}, {"model": "admin.logentry", "pk": 122, "fields": {"action_time": "2017-08-13T22:37:23.671Z", "user": 3, "content_type": 21, "object_id": "299", "object_repr": "Stats for date2017-07-10", "action_flag": 3, "change_message": ""}}, {"model": "admin.logentry", "pk": 123, "fields": {"action_time": "2017-08-13T22:37:23.904Z", "user": 3, "content_type": 21, "object_id": "298", "object_repr": "Stats for date2017-07-10", "action_flag": 3, "change_message": ""}}, {"model": "admin.logentry", "pk": 124, "fields": {"action_time": "2017-08-13T22:37:24.089Z", "user": 3, "content_type": 21, "object_id": "297", "object_repr": "Stats for date2017-07-10", "action_flag": 3, "change_message": ""}}, {"model": "admin.logentry", "pk": 125, "fields": {"action_time": "2017-08-13T22:37:24.306Z", "user": 3, "content_type": 21, "object_id": "296", "object_repr": "Stats for date2017-07-10", "action_flag": 3, "change_message": ""}}, {"model": "admin.logentry", "pk": 126, "fields": {"action_time": "2017-08-13T22:37:24.506Z", "user": 3, "content_type": 21, "object_id": "295", "object_repr": "Stats for date2017-07-10", "action_flag": 3, "change_message": ""}}, {"model": "admin.logentry", "pk": 127, "fields": {"action_time": "2017-08-13T22:37:24.721Z", "user": 3, "content_type": 21, "object_id": "294", "object_repr": "Stats for date2017-07-10", "action_flag": 3, "change_message": ""}}, {"model": "admin.logentry", "pk": 128, "fields": {"action_time": "2017-08-13T22:37:24.969Z", "user": 3, "content_type": 21, "object_id": "293", "object_repr": "Stats for date2017-07-10", "action_flag": 3, "change_message": ""}}, {"model": "admin.logentry", "pk": 129, "fields": {"action_time": "2017-08-13T22:37:25.155Z", "user": 3, "content_type": 21, "object_id": "292", "object_repr": "Stats for date2017-07-10", "action_flag": 3, "change_message": ""}}, {"model": "admin.logentry", "pk": 130, "fields": {"action_time": "2017-08-13T22:37:25.337Z", "user": 3, "content_type": 21, "object_id": "291", "object_repr": "Stats for date2017-07-10", "action_flag": 3, "change_message": ""}}, {"model": "admin.logentry", "pk": 131, "fields": {"action_time": "2017-08-13T22:37:25.481Z", "user": 3, "content_type": 21, "object_id": "290", "object_repr": "Stats for date2017-07-10", "action_flag": 3, "change_message": ""}}, {"model": "admin.logentry", "pk": 132, "fields": {"action_time": "2017-08-13T22:37:25.626Z", "user": 3, "content_type": 21, "object_id": "289", "object_repr": "Stats for date2017-07-10", "action_flag": 3, "change_message": ""}}, {"model": "admin.logentry", "pk": 133, "fields": {"action_time": "2017-08-13T22:37:25.787Z", "user": 3, "content_type": 21, "object_id": "288", "object_repr": "Stats for date2017-07-10", "action_flag": 3, "change_message": ""}}, {"model": "admin.logentry", "pk": 134, "fields": {"action_time": "2017-08-13T22:37:25.936Z", "user": 3, "content_type": 21, "object_id": "287", "object_repr": "Stats for date2017-07-10", "action_flag": 3, "change_message": ""}}, {"model": "admin.logentry", "pk": 135, "fields": {"action_time": "2017-08-13T22:37:26.092Z", "user": 3, "content_type": 21, "object_id": "286", "object_repr": "Stats for date2017-07-10", "action_flag": 3, "change_message": ""}}, {"model": "admin.logentry", "pk": 136, "fields": {"action_time": "2017-08-13T22:37:26.257Z", "user": 3, "content_type": 21, "object_id": "285", "object_repr": "Stats for date2017-07-10", "action_flag": 3, "change_message": ""}}, {"model": "admin.logentry", "pk": 137, "fields": {"action_time": "2017-08-13T22:37:26.417Z", "user": 3, "content_type": 21, "object_id": "284", "object_repr": "Stats for date2017-07-10", "action_flag": 3, "change_message": ""}}, {"model": "admin.logentry", "pk": 138, "fields": {"action_time": "2017-08-13T22:37:26.615Z", "user": 3, "content_type": 21, "object_id": "283", "object_repr": "Stats for date2017-07-10", "action_flag": 3, "change_message": ""}}, {"model": "admin.logentry", "pk": 139, "fields": {"action_time": "2017-08-13T22:37:26.738Z", "user": 3, "content_type": 21, "object_id": "282", "object_repr": "Stats for date2017-07-10", "action_flag": 3, "change_message": ""}}, {"model": "admin.logentry", "pk": 140, "fields": {"action_time": "2017-08-13T22:37:26.938Z", "user": 3, "content_type": 21, "object_id": "281", "object_repr": "Stats for date2017-07-09", "action_flag": 3, "change_message": ""}}, {"model": "admin.logentry", "pk": 141, "fields": {"action_time": "2017-08-13T22:37:27.090Z", "user": 3, "content_type": 21, "object_id": "280", "object_repr": "Stats for date2017-07-09", "action_flag": 3, "change_message": ""}}, {"model": "admin.logentry", "pk": 142, "fields": {"action_time": "2017-08-13T22:37:27.220Z", "user": 3, "content_type": 21, "object_id": "279", "object_repr": "Stats for date2017-07-09", "action_flag": 3, "change_message": ""}}, {"model": "admin.logentry", "pk": 143, "fields": {"action_time": "2017-08-13T22:37:27.388Z", "user": 3, "content_type": 21, "object_id": "278", "object_repr": "Stats for date2017-07-09", "action_flag": 3, "change_message": ""}}, {"model": "admin.logentry", "pk": 144, "fields": {"action_time": "2017-08-13T22:37:27.526Z", "user": 3, "content_type": 21, "object_id": "277", "object_repr": "Stats for date2017-07-09", "action_flag": 3, "change_message": ""}}, {"model": "admin.logentry", "pk": 145, "fields": {"action_time": "2017-08-13T22:37:27.717Z", "user": 3, "content_type": 21, "object_id": "276", "object_repr": "Stats for date2017-07-09", "action_flag": 3, "change_message": ""}}, {"model": "admin.logentry", "pk": 146, "fields": {"action_time": "2017-08-13T22:37:27.844Z", "user": 3, "content_type": 21, "object_id": "275", "object_repr": "Stats for date2017-07-09", "action_flag": 3, "change_message": ""}}, {"model": "admin.logentry", "pk": 147, "fields": {"action_time": "2017-08-13T22:37:27.973Z", "user": 3, "content_type": 21, "object_id": "274", "object_repr": "Stats for date2017-07-09", "action_flag": 3, "change_message": ""}}, {"model": "admin.logentry", "pk": 148, "fields": {"action_time": "2017-08-13T22:37:28.139Z", "user": 3, "content_type": 21, "object_id": "273", "object_repr": "Stats for date2017-07-09", "action_flag": 3, "change_message": ""}}, {"model": "admin.logentry", "pk": 149, "fields": {"action_time": "2017-08-13T22:37:28.307Z", "user": 3, "content_type": 21, "object_id": "272", "object_repr": "Stats for date2017-07-09", "action_flag": 3, "change_message": ""}}, {"model": "admin.logentry", "pk": 150, "fields": {"action_time": "2017-08-13T22:37:28.444Z", "user": 3, "content_type": 21, "object_id": "271", "object_repr": "Stats for date2017-07-09", "action_flag": 3, "change_message": ""}}, {"model": "admin.logentry", "pk": 151, "fields": {"action_time": "2017-08-13T22:37:28.582Z", "user": 3, "content_type": 21, "object_id": "270", "object_repr": "Stats for date2017-07-09", "action_flag": 3, "change_message": ""}}, {"model": "admin.logentry", "pk": 152, "fields": {"action_time": "2017-08-13T22:37:28.699Z", "user": 3, "content_type": 21, "object_id": "269", "object_repr": "Stats for date2017-07-09", "action_flag": 3, "change_message": ""}}, {"model": "admin.logentry", "pk": 153, "fields": {"action_time": "2017-08-13T22:37:28.826Z", "user": 3, "content_type": 21, "object_id": "268", "object_repr": "Stats for date2017-07-09", "action_flag": 3, "change_message": ""}}, {"model": "admin.logentry", "pk": 154, "fields": {"action_time": "2017-08-13T22:37:29.009Z", "user": 3, "content_type": 21, "object_id": "267", "object_repr": "Stats for date2017-07-09", "action_flag": 3, "change_message": ""}}, {"model": "admin.logentry", "pk": 155, "fields": {"action_time": "2017-08-13T22:37:29.196Z", "user": 3, "content_type": 21, "object_id": "266", "object_repr": "Stats for date2017-07-09", "action_flag": 3, "change_message": ""}}, {"model": "admin.logentry", "pk": 156, "fields": {"action_time": "2017-08-13T22:37:29.331Z", "user": 3, "content_type": 21, "object_id": "265", "object_repr": "Stats for date2017-07-09", "action_flag": 3, "change_message": ""}}, {"model": "admin.logentry", "pk": 157, "fields": {"action_time": "2017-08-13T22:37:29.452Z", "user": 3, "content_type": 21, "object_id": "264", "object_repr": "Stats for date2017-07-09", "action_flag": 3, "change_message": ""}}, {"model": "admin.logentry", "pk": 158, "fields": {"action_time": "2017-08-13T22:37:29.571Z", "user": 3, "content_type": 21, "object_id": "263", "object_repr": "Stats for date2017-07-09", "action_flag": 3, "change_message": ""}}, {"model": "admin.logentry", "pk": 159, "fields": {"action_time": "2017-08-13T22:37:29.675Z", "user": 3, "content_type": 21, "object_id": "262", "object_repr": "Stats for date2017-07-09", "action_flag": 3, "change_message": ""}}, {"model": "admin.logentry", "pk": 160, "fields": {"action_time": "2017-08-13T22:37:29.820Z", "user": 3, "content_type": 21, "object_id": "261", "object_repr": "Stats for date2017-07-08", "action_flag": 3, "change_message": ""}}, {"model": "admin.logentry", "pk": 161, "fields": {"action_time": "2017-08-13T22:37:29.947Z", "user": 3, "content_type": 21, "object_id": "260", "object_repr": "Stats for date2017-07-08", "action_flag": 3, "change_message": ""}}, {"model": "admin.logentry", "pk": 162, "fields": {"action_time": "2017-08-13T22:37:30.075Z", "user": 3, "content_type": 21, "object_id": "259", "object_repr": "Stats for date2017-07-08", "action_flag": 3, "change_message": ""}}, {"model": "admin.logentry", "pk": 163, "fields": {"action_time": "2017-08-13T22:37:30.217Z", "user": 3, "content_type": 21, "object_id": "258", "object_repr": "Stats for date2017-07-08", "action_flag": 3, "change_message": ""}}, {"model": "admin.logentry", "pk": 164, "fields": {"action_time": "2017-08-13T22:37:30.421Z", "user": 3, "content_type": 21, "object_id": "257", "object_repr": "Stats for date2017-07-08", "action_flag": 3, "change_message": ""}}, {"model": "admin.logentry", "pk": 165, "fields": {"action_time": "2017-08-13T22:37:30.557Z", "user": 3, "content_type": 21, "object_id": "256", "object_repr": "Stats for date2017-07-08", "action_flag": 3, "change_message": ""}}, {"model": "admin.logentry", "pk": 166, "fields": {"action_time": "2017-08-13T22:37:30.701Z", "user": 3, "content_type": 21, "object_id": "255", "object_repr": "Stats for date2017-07-08", "action_flag": 3, "change_message": ""}}, {"model": "admin.logentry", "pk": 167, "fields": {"action_time": "2017-08-13T22:37:30.807Z", "user": 3, "content_type": 21, "object_id": "254", "object_repr": "Stats for date2017-07-08", "action_flag": 3, "change_message": ""}}, {"model": "admin.logentry", "pk": 168, "fields": {"action_time": "2017-08-13T22:37:30.922Z", "user": 3, "content_type": 21, "object_id": "253", "object_repr": "Stats for date2017-07-08", "action_flag": 3, "change_message": ""}}, {"model": "admin.logentry", "pk": 169, "fields": {"action_time": "2017-08-13T22:37:31.060Z", "user": 3, "content_type": 21, "object_id": "252", "object_repr": "Stats for date2017-07-08", "action_flag": 3, "change_message": ""}}, {"model": "admin.logentry", "pk": 170, "fields": {"action_time": "2017-08-13T22:37:31.229Z", "user": 3, "content_type": 21, "object_id": "251", "object_repr": "Stats for date2017-07-08", "action_flag": 3, "change_message": ""}}, {"model": "admin.logentry", "pk": 171, "fields": {"action_time": "2017-08-13T22:37:31.342Z", "user": 3, "content_type": 21, "object_id": "250", "object_repr": "Stats for date2017-07-08", "action_flag": 3, "change_message": ""}}, {"model": "admin.logentry", "pk": 172, "fields": {"action_time": "2017-08-13T22:37:31.475Z", "user": 3, "content_type": 21, "object_id": "249", "object_repr": "Stats for date2017-07-08", "action_flag": 3, "change_message": ""}}, {"model": "admin.logentry", "pk": 173, "fields": {"action_time": "2017-08-13T22:37:31.603Z", "user": 3, "content_type": 21, "object_id": "248", "object_repr": "Stats for date2017-07-08", "action_flag": 3, "change_message": ""}}, {"model": "admin.logentry", "pk": 174, "fields": {"action_time": "2017-08-13T22:37:31.780Z", "user": 3, "content_type": 21, "object_id": "247", "object_repr": "Stats for date2017-07-08", "action_flag": 3, "change_message": ""}}, {"model": "admin.logentry", "pk": 175, "fields": {"action_time": "2017-08-13T22:37:31.928Z", "user": 3, "content_type": 21, "object_id": "246", "object_repr": "Stats for date2017-07-08", "action_flag": 3, "change_message": ""}}, {"model": "admin.logentry", "pk": 176, "fields": {"action_time": "2017-08-13T22:37:32.116Z", "user": 3, "content_type": 21, "object_id": "245", "object_repr": "Stats for date2017-07-08", "action_flag": 3, "change_message": ""}}, {"model": "admin.logentry", "pk": 177, "fields": {"action_time": "2017-08-13T22:37:32.293Z", "user": 3, "content_type": 21, "object_id": "244", "object_repr": "Stats for date2017-07-08", "action_flag": 3, "change_message": ""}}, {"model": "admin.logentry", "pk": 178, "fields": {"action_time": "2017-08-13T22:37:32.483Z", "user": 3, "content_type": 21, "object_id": "243", "object_repr": "Stats for date2017-07-08", "action_flag": 3, "change_message": ""}}, {"model": "admin.logentry", "pk": 179, "fields": {"action_time": "2017-08-13T22:37:32.705Z", "user": 3, "content_type": 21, "object_id": "242", "object_repr": "Stats for date2017-07-08", "action_flag": 3, "change_message": ""}}, {"model": "admin.logentry", "pk": 180, "fields": {"action_time": "2017-08-13T22:37:32.896Z", "user": 3, "content_type": 21, "object_id": "241", "object_repr": "Stats for date2017-07-07", "action_flag": 3, "change_message": ""}}, {"model": "admin.logentry", "pk": 181, "fields": {"action_time": "2017-08-13T22:37:33.138Z", "user": 3, "content_type": 21, "object_id": "240", "object_repr": "Stats for date2017-07-07", "action_flag": 3, "change_message": ""}}, {"model": "admin.logentry", "pk": 182, "fields": {"action_time": "2017-08-13T22:37:33.365Z", "user": 3, "content_type": 21, "object_id": "239", "object_repr": "Stats for date2017-07-07", "action_flag": 3, "change_message": ""}}, {"model": "admin.logentry", "pk": 183, "fields": {"action_time": "2017-08-13T22:37:33.544Z", "user": 3, "content_type": 21, "object_id": "238", "object_repr": "Stats for date2017-07-07", "action_flag": 3, "change_message": ""}}, {"model": "admin.logentry", "pk": 184, "fields": {"action_time": "2017-08-13T22:37:33.744Z", "user": 3, "content_type": 21, "object_id": "237", "object_repr": "Stats for date2017-07-07", "action_flag": 3, "change_message": ""}}, {"model": "admin.logentry", "pk": 185, "fields": {"action_time": "2017-08-13T22:37:33.898Z", "user": 3, "content_type": 21, "object_id": "236", "object_repr": "Stats for date2017-07-07", "action_flag": 3, "change_message": ""}}, {"model": "admin.logentry", "pk": 186, "fields": {"action_time": "2017-08-13T22:37:34.060Z", "user": 3, "content_type": 21, "object_id": "235", "object_repr": "Stats for date2017-07-07", "action_flag": 3, "change_message": ""}}, {"model": "admin.logentry", "pk": 187, "fields": {"action_time": "2017-08-13T22:37:34.211Z", "user": 3, "content_type": 21, "object_id": "234", "object_repr": "Stats for date2017-07-07", "action_flag": 3, "change_message": ""}}, {"model": "admin.logentry", "pk": 188, "fields": {"action_time": "2017-08-13T22:37:34.386Z", "user": 3, "content_type": 21, "object_id": "233", "object_repr": "Stats for date2017-07-07", "action_flag": 3, "change_message": ""}}, {"model": "admin.logentry", "pk": 189, "fields": {"action_time": "2017-08-13T22:37:34.878Z", "user": 3, "content_type": 21, "object_id": "232", "object_repr": "Stats for date2017-07-07", "action_flag": 3, "change_message": ""}}, {"model": "admin.logentry", "pk": 190, "fields": {"action_time": "2017-08-13T22:37:35.037Z", "user": 3, "content_type": 21, "object_id": "231", "object_repr": "Stats for date2017-07-07", "action_flag": 3, "change_message": ""}}, {"model": "admin.logentry", "pk": 191, "fields": {"action_time": "2017-08-13T22:37:35.229Z", "user": 3, "content_type": 21, "object_id": "230", "object_repr": "Stats for date2017-07-07", "action_flag": 3, "change_message": ""}}, {"model": "admin.logentry", "pk": 192, "fields": {"action_time": "2017-08-13T22:37:35.401Z", "user": 3, "content_type": 21, "object_id": "229", "object_repr": "Stats for date2017-07-07", "action_flag": 3, "change_message": ""}}, {"model": "admin.logentry", "pk": 193, "fields": {"action_time": "2017-08-13T22:37:35.644Z", "user": 3, "content_type": 21, "object_id": "228", "object_repr": "Stats for date2017-07-07", "action_flag": 3, "change_message": ""}}, {"model": "admin.logentry", "pk": 194, "fields": {"action_time": "2017-08-13T22:37:35.874Z", "user": 3, "content_type": 21, "object_id": "227", "object_repr": "Stats for date2017-07-07", "action_flag": 3, "change_message": ""}}, {"model": "admin.logentry", "pk": 195, "fields": {"action_time": "2017-08-13T22:37:36.100Z", "user": 3, "content_type": 21, "object_id": "226", "object_repr": "Stats for date2017-07-07", "action_flag": 3, "change_message": ""}}, {"model": "admin.logentry", "pk": 196, "fields": {"action_time": "2017-08-13T22:37:36.315Z", "user": 3, "content_type": 21, "object_id": "225", "object_repr": "Stats for date2017-07-07", "action_flag": 3, "change_message": ""}}, {"model": "admin.logentry", "pk": 197, "fields": {"action_time": "2017-08-13T22:37:36.565Z", "user": 3, "content_type": 21, "object_id": "224", "object_repr": "Stats for date2017-07-07", "action_flag": 3, "change_message": ""}}, {"model": "admin.logentry", "pk": 198, "fields": {"action_time": "2017-08-13T22:37:36.731Z", "user": 3, "content_type": 21, "object_id": "223", "object_repr": "Stats for date2017-07-07", "action_flag": 3, "change_message": ""}}, {"model": "admin.logentry", "pk": 199, "fields": {"action_time": "2017-08-13T22:37:36.865Z", "user": 3, "content_type": 21, "object_id": "222", "object_repr": "Stats for date2017-07-07", "action_flag": 3, "change_message": ""}}, {"model": "admin.logentry", "pk": 200, "fields": {"action_time": "2017-08-13T22:37:37.063Z", "user": 3, "content_type": 21, "object_id": "221", "object_repr": "Stats for date2017-07-06", "action_flag": 3, "change_message": ""}}, {"model": "admin.logentry", "pk": 201, "fields": {"action_time": "2017-08-13T22:37:37.231Z", "user": 3, "content_type": 21, "object_id": "220", "object_repr": "Stats for date2017-07-06", "action_flag": 3, "change_message": ""}}, {"model": "admin.logentry", "pk": 202, "fields": {"action_time": "2017-08-13T22:37:37.452Z", "user": 3, "content_type": 21, "object_id": "219", "object_repr": "Stats for date2017-07-06", "action_flag": 3, "change_message": ""}}, {"model": "admin.logentry", "pk": 203, "fields": {"action_time": "2017-08-13T22:37:37.621Z", "user": 3, "content_type": 21, "object_id": "218", "object_repr": "Stats for date2017-07-06", "action_flag": 3, "change_message": ""}}, {"model": "admin.logentry", "pk": 204, "fields": {"action_time": "2017-08-13T22:37:37.769Z", "user": 3, "content_type": 21, "object_id": "217", "object_repr": "Stats for date2017-07-06", "action_flag": 3, "change_message": ""}}, {"model": "admin.logentry", "pk": 205, "fields": {"action_time": "2017-08-13T22:37:37.940Z", "user": 3, "content_type": 21, "object_id": "216", "object_repr": "Stats for date2017-07-06", "action_flag": 3, "change_message": ""}}, {"model": "admin.logentry", "pk": 206, "fields": {"action_time": "2017-08-13T22:37:38.062Z", "user": 3, "content_type": 21, "object_id": "215", "object_repr": "Stats for date2017-07-06", "action_flag": 3, "change_message": ""}}, {"model": "admin.logentry", "pk": 207, "fields": {"action_time": "2017-08-13T22:37:38.221Z", "user": 3, "content_type": 21, "object_id": "214", "object_repr": "Stats for date2017-07-06", "action_flag": 3, "change_message": ""}}, {"model": "admin.logentry", "pk": 208, "fields": {"action_time": "2017-08-13T22:37:38.361Z", "user": 3, "content_type": 21, "object_id": "213", "object_repr": "Stats for date2017-07-06", "action_flag": 3, "change_message": ""}}, {"model": "admin.logentry", "pk": 209, "fields": {"action_time": "2017-08-13T22:37:38.606Z", "user": 3, "content_type": 21, "object_id": "212", "object_repr": "Stats for date2017-07-06", "action_flag": 3, "change_message": ""}}, {"model": "admin.logentry", "pk": 210, "fields": {"action_time": "2017-08-13T22:37:38.754Z", "user": 3, "content_type": 21, "object_id": "211", "object_repr": "Stats for date2017-07-06", "action_flag": 3, "change_message": ""}}, {"model": "admin.logentry", "pk": 211, "fields": {"action_time": "2017-08-13T22:37:38.905Z", "user": 3, "content_type": 21, "object_id": "210", "object_repr": "Stats for date2017-07-06", "action_flag": 3, "change_message": ""}}, {"model": "admin.logentry", "pk": 212, "fields": {"action_time": "2017-08-13T22:37:39.014Z", "user": 3, "content_type": 21, "object_id": "209", "object_repr": "Stats for date2017-07-06", "action_flag": 3, "change_message": ""}}, {"model": "admin.logentry", "pk": 213, "fields": {"action_time": "2017-08-13T22:37:39.119Z", "user": 3, "content_type": 21, "object_id": "208", "object_repr": "Stats for date2017-07-06", "action_flag": 3, "change_message": ""}}, {"model": "admin.logentry", "pk": 214, "fields": {"action_time": "2017-08-13T22:37:39.246Z", "user": 3, "content_type": 21, "object_id": "207", "object_repr": "Stats for date2017-07-06", "action_flag": 3, "change_message": ""}}, {"model": "admin.logentry", "pk": 215, "fields": {"action_time": "2017-08-13T22:37:39.413Z", "user": 3, "content_type": 21, "object_id": "206", "object_repr": "Stats for date2017-07-06", "action_flag": 3, "change_message": ""}}, {"model": "admin.logentry", "pk": 216, "fields": {"action_time": "2017-08-13T22:37:39.545Z", "user": 3, "content_type": 21, "object_id": "205", "object_repr": "Stats for date2017-07-06", "action_flag": 3, "change_message": ""}}, {"model": "admin.logentry", "pk": 217, "fields": {"action_time": "2017-08-13T22:37:39.657Z", "user": 3, "content_type": 21, "object_id": "204", "object_repr": "Stats for date2017-07-06", "action_flag": 3, "change_message": ""}}, {"model": "admin.logentry", "pk": 218, "fields": {"action_time": "2017-08-13T22:37:39.780Z", "user": 3, "content_type": 21, "object_id": "203", "object_repr": "Stats for date2017-07-06", "action_flag": 3, "change_message": ""}}, {"model": "admin.logentry", "pk": 219, "fields": {"action_time": "2017-08-13T22:37:39.932Z", "user": 3, "content_type": 21, "object_id": "202", "object_repr": "Stats for date2017-07-06", "action_flag": 3, "change_message": ""}}, {"model": "admin.logentry", "pk": 220, "fields": {"action_time": "2017-08-13T22:37:40.075Z", "user": 3, "content_type": 21, "object_id": "201", "object_repr": "Stats for date2017-07-05", "action_flag": 3, "change_message": ""}}, {"model": "admin.logentry", "pk": 221, "fields": {"action_time": "2017-08-13T22:37:40.194Z", "user": 3, "content_type": 21, "object_id": "200", "object_repr": "Stats for date2017-07-05", "action_flag": 3, "change_message": ""}}, {"model": "admin.logentry", "pk": 222, "fields": {"action_time": "2017-08-13T22:37:40.323Z", "user": 3, "content_type": 21, "object_id": "199", "object_repr": "Stats for date2017-07-05", "action_flag": 3, "change_message": ""}}, {"model": "admin.logentry", "pk": 223, "fields": {"action_time": "2017-08-13T22:37:40.448Z", "user": 3, "content_type": 21, "object_id": "198", "object_repr": "Stats for date2017-07-05", "action_flag": 3, "change_message": ""}}, {"model": "admin.logentry", "pk": 224, "fields": {"action_time": "2017-08-13T22:37:40.568Z", "user": 3, "content_type": 21, "object_id": "197", "object_repr": "Stats for date2017-07-05", "action_flag": 3, "change_message": ""}}, {"model": "admin.logentry", "pk": 225, "fields": {"action_time": "2017-08-13T22:37:40.699Z", "user": 3, "content_type": 21, "object_id": "196", "object_repr": "Stats for date2017-07-05", "action_flag": 3, "change_message": ""}}, {"model": "admin.logentry", "pk": 226, "fields": {"action_time": "2017-08-13T22:37:40.856Z", "user": 3, "content_type": 21, "object_id": "195", "object_repr": "Stats for date2017-07-05", "action_flag": 3, "change_message": ""}}, {"model": "admin.logentry", "pk": 227, "fields": {"action_time": "2017-08-13T22:37:40.995Z", "user": 3, "content_type": 21, "object_id": "194", "object_repr": "Stats for date2017-07-05", "action_flag": 3, "change_message": ""}}, {"model": "admin.logentry", "pk": 228, "fields": {"action_time": "2017-08-13T22:37:41.116Z", "user": 3, "content_type": 21, "object_id": "193", "object_repr": "Stats for date2017-07-05", "action_flag": 3, "change_message": ""}}, {"model": "admin.logentry", "pk": 229, "fields": {"action_time": "2017-08-13T22:37:41.334Z", "user": 3, "content_type": 21, "object_id": "192", "object_repr": "Stats for date2017-07-05", "action_flag": 3, "change_message": ""}}, {"model": "admin.logentry", "pk": 230, "fields": {"action_time": "2017-08-13T22:37:41.499Z", "user": 3, "content_type": 21, "object_id": "191", "object_repr": "Stats for date2017-07-05", "action_flag": 3, "change_message": ""}}, {"model": "admin.logentry", "pk": 231, "fields": {"action_time": "2017-08-13T22:37:41.659Z", "user": 3, "content_type": 21, "object_id": "190", "object_repr": "Stats for date2017-07-05", "action_flag": 3, "change_message": ""}}, {"model": "admin.logentry", "pk": 232, "fields": {"action_time": "2017-08-13T22:37:41.787Z", "user": 3, "content_type": 21, "object_id": "189", "object_repr": "Stats for date2017-07-05", "action_flag": 3, "change_message": ""}}, {"model": "admin.logentry", "pk": 233, "fields": {"action_time": "2017-08-13T22:37:41.943Z", "user": 3, "content_type": 21, "object_id": "188", "object_repr": "Stats for date2017-07-05", "action_flag": 3, "change_message": ""}}, {"model": "admin.logentry", "pk": 234, "fields": {"action_time": "2017-08-13T22:37:42.083Z", "user": 3, "content_type": 21, "object_id": "187", "object_repr": "Stats for date2017-07-05", "action_flag": 3, "change_message": ""}}, {"model": "admin.logentry", "pk": 235, "fields": {"action_time": "2017-08-13T22:37:42.242Z", "user": 3, "content_type": 21, "object_id": "186", "object_repr": "Stats for date2017-07-05", "action_flag": 3, "change_message": ""}}, {"model": "admin.logentry", "pk": 236, "fields": {"action_time": "2017-08-13T22:37:42.414Z", "user": 3, "content_type": 21, "object_id": "185", "object_repr": "Stats for date2017-07-05", "action_flag": 3, "change_message": ""}}, {"model": "admin.logentry", "pk": 237, "fields": {"action_time": "2017-08-13T22:37:42.555Z", "user": 3, "content_type": 21, "object_id": "184", "object_repr": "Stats for date2017-07-05", "action_flag": 3, "change_message": ""}}, {"model": "admin.logentry", "pk": 238, "fields": {"action_time": "2017-08-13T22:37:42.698Z", "user": 3, "content_type": 21, "object_id": "183", "object_repr": "Stats for date2017-07-05", "action_flag": 3, "change_message": ""}}, {"model": "admin.logentry", "pk": 239, "fields": {"action_time": "2017-08-13T22:37:42.842Z", "user": 3, "content_type": 21, "object_id": "182", "object_repr": "Stats for date2017-07-05", "action_flag": 3, "change_message": ""}}, {"model": "admin.logentry", "pk": 240, "fields": {"action_time": "2017-08-13T22:37:42.994Z", "user": 3, "content_type": 21, "object_id": "181", "object_repr": "Stats for date2017-07-04", "action_flag": 3, "change_message": ""}}, {"model": "admin.logentry", "pk": 241, "fields": {"action_time": "2017-08-13T22:37:43.139Z", "user": 3, "content_type": 21, "object_id": "180", "object_repr": "Stats for date2017-07-04", "action_flag": 3, "change_message": ""}}, {"model": "admin.logentry", "pk": 242, "fields": {"action_time": "2017-08-13T22:37:43.272Z", "user": 3, "content_type": 21, "object_id": "179", "object_repr": "Stats for date2017-07-04", "action_flag": 3, "change_message": ""}}, {"model": "admin.logentry", "pk": 243, "fields": {"action_time": "2017-08-13T22:37:43.489Z", "user": 3, "content_type": 21, "object_id": "178", "object_repr": "Stats for date2017-07-04", "action_flag": 3, "change_message": ""}}, {"model": "admin.logentry", "pk": 244, "fields": {"action_time": "2017-08-13T22:37:43.726Z", "user": 3, "content_type": 21, "object_id": "177", "object_repr": "Stats for date2017-07-04", "action_flag": 3, "change_message": ""}}, {"model": "admin.logentry", "pk": 245, "fields": {"action_time": "2017-08-13T22:37:43.932Z", "user": 3, "content_type": 21, "object_id": "176", "object_repr": "Stats for date2017-07-04", "action_flag": 3, "change_message": ""}}, {"model": "admin.logentry", "pk": 246, "fields": {"action_time": "2017-08-13T22:37:44.122Z", "user": 3, "content_type": 21, "object_id": "175", "object_repr": "Stats for date2017-07-04", "action_flag": 3, "change_message": ""}}, {"model": "admin.logentry", "pk": 247, "fields": {"action_time": "2017-08-13T22:37:44.301Z", "user": 3, "content_type": 21, "object_id": "174", "object_repr": "Stats for date2017-07-04", "action_flag": 3, "change_message": ""}}, {"model": "admin.logentry", "pk": 248, "fields": {"action_time": "2017-08-13T22:37:44.472Z", "user": 3, "content_type": 21, "object_id": "173", "object_repr": "Stats for date2017-07-04", "action_flag": 3, "change_message": ""}}, {"model": "admin.logentry", "pk": 249, "fields": {"action_time": "2017-08-13T22:37:44.678Z", "user": 3, "content_type": 21, "object_id": "172", "object_repr": "Stats for date2017-07-04", "action_flag": 3, "change_message": ""}}, {"model": "admin.logentry", "pk": 250, "fields": {"action_time": "2017-08-13T22:37:44.852Z", "user": 3, "content_type": 21, "object_id": "171", "object_repr": "Stats for date2017-07-04", "action_flag": 3, "change_message": ""}}, {"model": "admin.logentry", "pk": 251, "fields": {"action_time": "2017-08-13T22:37:45.011Z", "user": 3, "content_type": 21, "object_id": "170", "object_repr": "Stats for date2017-07-04", "action_flag": 3, "change_message": ""}}, {"model": "admin.logentry", "pk": 252, "fields": {"action_time": "2017-08-13T22:37:45.184Z", "user": 3, "content_type": 21, "object_id": "169", "object_repr": "Stats for date2017-07-04", "action_flag": 3, "change_message": ""}}, {"model": "admin.logentry", "pk": 253, "fields": {"action_time": "2017-08-13T22:37:45.411Z", "user": 3, "content_type": 21, "object_id": "168", "object_repr": "Stats for date2017-07-04", "action_flag": 3, "change_message": ""}}, {"model": "admin.logentry", "pk": 254, "fields": {"action_time": "2017-08-13T22:37:45.609Z", "user": 3, "content_type": 21, "object_id": "167", "object_repr": "Stats for date2017-07-04", "action_flag": 3, "change_message": ""}}, {"model": "admin.logentry", "pk": 255, "fields": {"action_time": "2017-08-13T22:37:45.759Z", "user": 3, "content_type": 21, "object_id": "166", "object_repr": "Stats for date2017-07-04", "action_flag": 3, "change_message": ""}}, {"model": "admin.logentry", "pk": 256, "fields": {"action_time": "2017-08-13T22:37:45.922Z", "user": 3, "content_type": 21, "object_id": "165", "object_repr": "Stats for date2017-07-04", "action_flag": 3, "change_message": ""}}, {"model": "admin.logentry", "pk": 257, "fields": {"action_time": "2017-08-13T22:37:46.076Z", "user": 3, "content_type": 21, "object_id": "164", "object_repr": "Stats for date2017-07-04", "action_flag": 3, "change_message": ""}}, {"model": "admin.logentry", "pk": 258, "fields": {"action_time": "2017-08-13T22:37:46.216Z", "user": 3, "content_type": 21, "object_id": "163", "object_repr": "Stats for date2017-07-04", "action_flag": 3, "change_message": ""}}, {"model": "admin.logentry", "pk": 259, "fields": {"action_time": "2017-08-13T22:37:46.389Z", "user": 3, "content_type": 21, "object_id": "162", "object_repr": "Stats for date2017-07-04", "action_flag": 3, "change_message": ""}}, {"model": "admin.logentry", "pk": 260, "fields": {"action_time": "2017-08-13T22:37:46.522Z", "user": 3, "content_type": 21, "object_id": "161", "object_repr": "Stats for date2017-07-03", "action_flag": 3, "change_message": ""}}, {"model": "admin.logentry", "pk": 261, "fields": {"action_time": "2017-08-13T22:37:46.680Z", "user": 3, "content_type": 21, "object_id": "160", "object_repr": "Stats for date2017-07-03", "action_flag": 3, "change_message": ""}}, {"model": "admin.logentry", "pk": 262, "fields": {"action_time": "2017-08-13T22:37:46.794Z", "user": 3, "content_type": 21, "object_id": "159", "object_repr": "Stats for date2017-07-03", "action_flag": 3, "change_message": ""}}, {"model": "admin.logentry", "pk": 263, "fields": {"action_time": "2017-08-13T22:37:46.929Z", "user": 3, "content_type": 21, "object_id": "158", "object_repr": "Stats for date2017-07-03", "action_flag": 3, "change_message": ""}}, {"model": "admin.logentry", "pk": 264, "fields": {"action_time": "2017-08-13T22:37:47.070Z", "user": 3, "content_type": 21, "object_id": "157", "object_repr": "Stats for date2017-07-03", "action_flag": 3, "change_message": ""}}, {"model": "admin.logentry", "pk": 265, "fields": {"action_time": "2017-08-13T22:37:47.211Z", "user": 3, "content_type": 21, "object_id": "156", "object_repr": "Stats for date2017-07-03", "action_flag": 3, "change_message": ""}}, {"model": "admin.logentry", "pk": 266, "fields": {"action_time": "2017-08-13T22:37:47.334Z", "user": 3, "content_type": 21, "object_id": "155", "object_repr": "Stats for date2017-07-03", "action_flag": 3, "change_message": ""}}, {"model": "admin.logentry", "pk": 267, "fields": {"action_time": "2017-08-13T22:37:47.479Z", "user": 3, "content_type": 21, "object_id": "154", "object_repr": "Stats for date2017-07-03", "action_flag": 3, "change_message": ""}}, {"model": "admin.logentry", "pk": 268, "fields": {"action_time": "2017-08-13T22:37:47.627Z", "user": 3, "content_type": 21, "object_id": "153", "object_repr": "Stats for date2017-07-03", "action_flag": 3, "change_message": ""}}, {"model": "admin.logentry", "pk": 269, "fields": {"action_time": "2017-08-13T22:37:47.795Z", "user": 3, "content_type": 21, "object_id": "152", "object_repr": "Stats for date2017-07-03", "action_flag": 3, "change_message": ""}}, {"model": "admin.logentry", "pk": 270, "fields": {"action_time": "2017-08-13T22:37:47.947Z", "user": 3, "content_type": 21, "object_id": "151", "object_repr": "Stats for date2017-07-03", "action_flag": 3, "change_message": ""}}, {"model": "admin.logentry", "pk": 271, "fields": {"action_time": "2017-08-13T22:37:48.122Z", "user": 3, "content_type": 21, "object_id": "150", "object_repr": "Stats for date2017-07-03", "action_flag": 3, "change_message": ""}}, {"model": "admin.logentry", "pk": 272, "fields": {"action_time": "2017-08-13T22:37:48.242Z", "user": 3, "content_type": 21, "object_id": "149", "object_repr": "Stats for date2017-07-03", "action_flag": 3, "change_message": ""}}, {"model": "admin.logentry", "pk": 273, "fields": {"action_time": "2017-08-13T22:37:48.374Z", "user": 3, "content_type": 21, "object_id": "148", "object_repr": "Stats for date2017-07-03", "action_flag": 3, "change_message": ""}}, {"model": "admin.logentry", "pk": 274, "fields": {"action_time": "2017-08-13T22:37:48.498Z", "user": 3, "content_type": 21, "object_id": "147", "object_repr": "Stats for date2017-07-03", "action_flag": 3, "change_message": ""}}, {"model": "admin.logentry", "pk": 275, "fields": {"action_time": "2017-08-13T22:37:48.620Z", "user": 3, "content_type": 21, "object_id": "146", "object_repr": "Stats for date2017-07-03", "action_flag": 3, "change_message": ""}}, {"model": "admin.logentry", "pk": 276, "fields": {"action_time": "2017-08-13T22:37:48.732Z", "user": 3, "content_type": 21, "object_id": "145", "object_repr": "Stats for date2017-07-03", "action_flag": 3, "change_message": ""}}, {"model": "admin.logentry", "pk": 277, "fields": {"action_time": "2017-08-13T22:37:48.864Z", "user": 3, "content_type": 21, "object_id": "144", "object_repr": "Stats for date2017-07-03", "action_flag": 3, "change_message": ""}}, {"model": "admin.logentry", "pk": 278, "fields": {"action_time": "2017-08-13T22:37:48.987Z", "user": 3, "content_type": 21, "object_id": "143", "object_repr": "Stats for date2017-07-03", "action_flag": 3, "change_message": ""}}, {"model": "admin.logentry", "pk": 279, "fields": {"action_time": "2017-08-13T22:37:49.139Z", "user": 3, "content_type": 21, "object_id": "142", "object_repr": "Stats for date2017-07-03", "action_flag": 3, "change_message": ""}}, {"model": "admin.logentry", "pk": 280, "fields": {"action_time": "2017-08-13T22:37:49.278Z", "user": 3, "content_type": 21, "object_id": "141", "object_repr": "Stats for date2017-07-02", "action_flag": 3, "change_message": ""}}, {"model": "admin.logentry", "pk": 281, "fields": {"action_time": "2017-08-13T22:37:49.448Z", "user": 3, "content_type": 21, "object_id": "140", "object_repr": "Stats for date2017-07-02", "action_flag": 3, "change_message": ""}}, {"model": "admin.logentry", "pk": 282, "fields": {"action_time": "2017-08-13T22:37:49.625Z", "user": 3, "content_type": 21, "object_id": "139", "object_repr": "Stats for date2017-07-02", "action_flag": 3, "change_message": ""}}, {"model": "admin.logentry", "pk": 283, "fields": {"action_time": "2017-08-13T22:37:49.758Z", "user": 3, "content_type": 21, "object_id": "138", "object_repr": "Stats for date2017-07-02", "action_flag": 3, "change_message": ""}}, {"model": "admin.logentry", "pk": 284, "fields": {"action_time": "2017-08-13T22:37:49.889Z", "user": 3, "content_type": 21, "object_id": "137", "object_repr": "Stats for date2017-07-02", "action_flag": 3, "change_message": ""}}, {"model": "admin.logentry", "pk": 285, "fields": {"action_time": "2017-08-13T22:37:50.011Z", "user": 3, "content_type": 21, "object_id": "136", "object_repr": "Stats for date2017-07-02", "action_flag": 3, "change_message": ""}}, {"model": "admin.logentry", "pk": 286, "fields": {"action_time": "2017-08-13T22:37:50.144Z", "user": 3, "content_type": 21, "object_id": "135", "object_repr": "Stats for date2017-07-02", "action_flag": 3, "change_message": ""}}, {"model": "admin.logentry", "pk": 287, "fields": {"action_time": "2017-08-13T22:37:50.256Z", "user": 3, "content_type": 21, "object_id": "134", "object_repr": "Stats for date2017-07-02", "action_flag": 3, "change_message": ""}}, {"model": "admin.logentry", "pk": 288, "fields": {"action_time": "2017-08-13T22:37:50.424Z", "user": 3, "content_type": 21, "object_id": "133", "object_repr": "Stats for date2017-07-02", "action_flag": 3, "change_message": ""}}, {"model": "admin.logentry", "pk": 289, "fields": {"action_time": "2017-08-13T22:37:50.585Z", "user": 3, "content_type": 21, "object_id": "132", "object_repr": "Stats for date2017-07-02", "action_flag": 3, "change_message": ""}}, {"model": "admin.logentry", "pk": 290, "fields": {"action_time": "2017-08-13T22:37:50.750Z", "user": 3, "content_type": 21, "object_id": "131", "object_repr": "Stats for date2017-07-02", "action_flag": 3, "change_message": ""}}, {"model": "admin.logentry", "pk": 291, "fields": {"action_time": "2017-08-13T22:37:51.125Z", "user": 3, "content_type": 21, "object_id": "130", "object_repr": "Stats for date2017-07-02", "action_flag": 3, "change_message": ""}}, {"model": "admin.logentry", "pk": 292, "fields": {"action_time": "2017-08-13T22:37:51.329Z", "user": 3, "content_type": 21, "object_id": "129", "object_repr": "Stats for date2017-07-02", "action_flag": 3, "change_message": ""}}, {"model": "admin.logentry", "pk": 293, "fields": {"action_time": "2017-08-13T22:37:51.503Z", "user": 3, "content_type": 21, "object_id": "128", "object_repr": "Stats for date2017-07-02", "action_flag": 3, "change_message": ""}}, {"model": "admin.logentry", "pk": 294, "fields": {"action_time": "2017-08-13T22:37:51.721Z", "user": 3, "content_type": 21, "object_id": "127", "object_repr": "Stats for date2017-07-02", "action_flag": 3, "change_message": ""}}, {"model": "admin.logentry", "pk": 295, "fields": {"action_time": "2017-08-13T22:37:51.918Z", "user": 3, "content_type": 21, "object_id": "126", "object_repr": "Stats for date2017-07-02", "action_flag": 3, "change_message": ""}}, {"model": "admin.logentry", "pk": 296, "fields": {"action_time": "2017-08-13T22:37:52.114Z", "user": 3, "content_type": 21, "object_id": "125", "object_repr": "Stats for date2017-07-02", "action_flag": 3, "change_message": ""}}, {"model": "admin.logentry", "pk": 297, "fields": {"action_time": "2017-08-13T22:37:52.369Z", "user": 3, "content_type": 21, "object_id": "124", "object_repr": "Stats for date2017-07-02", "action_flag": 3, "change_message": ""}}, {"model": "admin.logentry", "pk": 298, "fields": {"action_time": "2017-08-13T22:37:52.525Z", "user": 3, "content_type": 21, "object_id": "123", "object_repr": "Stats for date2017-07-02", "action_flag": 3, "change_message": ""}}, {"model": "admin.logentry", "pk": 299, "fields": {"action_time": "2017-08-13T22:37:52.708Z", "user": 3, "content_type": 21, "object_id": "122", "object_repr": "Stats for date2017-07-02", "action_flag": 3, "change_message": ""}}, {"model": "admin.logentry", "pk": 300, "fields": {"action_time": "2017-08-13T22:37:52.903Z", "user": 3, "content_type": 21, "object_id": "121", "object_repr": "Stats for date2017-07-01", "action_flag": 3, "change_message": ""}}, {"model": "admin.logentry", "pk": 301, "fields": {"action_time": "2017-08-13T22:37:53.029Z", "user": 3, "content_type": 21, "object_id": "120", "object_repr": "Stats for date2017-07-01", "action_flag": 3, "change_message": ""}}, {"model": "admin.logentry", "pk": 302, "fields": {"action_time": "2017-08-13T22:37:53.174Z", "user": 3, "content_type": 21, "object_id": "119", "object_repr": "Stats for date2017-07-01", "action_flag": 3, "change_message": ""}}, {"model": "admin.logentry", "pk": 303, "fields": {"action_time": "2017-08-13T22:37:53.357Z", "user": 3, "content_type": 21, "object_id": "118", "object_repr": "Stats for date2017-07-01", "action_flag": 3, "change_message": ""}}, {"model": "admin.logentry", "pk": 304, "fields": {"action_time": "2017-08-13T22:37:53.535Z", "user": 3, "content_type": 21, "object_id": "117", "object_repr": "Stats for date2017-07-01", "action_flag": 3, "change_message": ""}}, {"model": "admin.logentry", "pk": 305, "fields": {"action_time": "2017-08-13T22:37:53.645Z", "user": 3, "content_type": 21, "object_id": "116", "object_repr": "Stats for date2017-07-01", "action_flag": 3, "change_message": ""}}, {"model": "admin.logentry", "pk": 306, "fields": {"action_time": "2017-08-13T22:37:53.765Z", "user": 3, "content_type": 21, "object_id": "115", "object_repr": "Stats for date2017-07-01", "action_flag": 3, "change_message": ""}}, {"model": "admin.logentry", "pk": 307, "fields": {"action_time": "2017-08-13T22:37:53.959Z", "user": 3, "content_type": 21, "object_id": "114", "object_repr": "Stats for date2017-07-01", "action_flag": 3, "change_message": ""}}, {"model": "admin.logentry", "pk": 308, "fields": {"action_time": "2017-08-13T22:37:54.122Z", "user": 3, "content_type": 21, "object_id": "113", "object_repr": "Stats for date2017-07-01", "action_flag": 3, "change_message": ""}}, {"model": "admin.logentry", "pk": 309, "fields": {"action_time": "2017-08-13T22:37:54.265Z", "user": 3, "content_type": 21, "object_id": "112", "object_repr": "Stats for date2017-07-01", "action_flag": 3, "change_message": ""}}, {"model": "admin.logentry", "pk": 310, "fields": {"action_time": "2017-08-13T22:37:54.427Z", "user": 3, "content_type": 21, "object_id": "111", "object_repr": "Stats for date2017-07-01", "action_flag": 3, "change_message": ""}}, {"model": "admin.logentry", "pk": 311, "fields": {"action_time": "2017-08-13T22:37:54.605Z", "user": 3, "content_type": 21, "object_id": "110", "object_repr": "Stats for date2017-07-01", "action_flag": 3, "change_message": ""}}, {"model": "admin.logentry", "pk": 312, "fields": {"action_time": "2017-08-13T22:37:54.768Z", "user": 3, "content_type": 21, "object_id": "109", "object_repr": "Stats for date2017-07-01", "action_flag": 3, "change_message": ""}}, {"model": "admin.logentry", "pk": 313, "fields": {"action_time": "2017-08-13T22:37:54.985Z", "user": 3, "content_type": 21, "object_id": "108", "object_repr": "Stats for date2017-07-01", "action_flag": 3, "change_message": ""}}, {"model": "admin.logentry", "pk": 314, "fields": {"action_time": "2017-08-13T22:37:55.121Z", "user": 3, "content_type": 21, "object_id": "107", "object_repr": "Stats for date2017-07-01", "action_flag": 3, "change_message": ""}}, {"model": "admin.logentry", "pk": 315, "fields": {"action_time": "2017-08-13T22:37:55.235Z", "user": 3, "content_type": 21, "object_id": "106", "object_repr": "Stats for date2017-07-01", "action_flag": 3, "change_message": ""}}, {"model": "admin.logentry", "pk": 316, "fields": {"action_time": "2017-08-13T22:37:55.355Z", "user": 3, "content_type": 21, "object_id": "105", "object_repr": "Stats for date2017-07-01", "action_flag": 3, "change_message": ""}}, {"model": "admin.logentry", "pk": 317, "fields": {"action_time": "2017-08-13T22:37:55.515Z", "user": 3, "content_type": 21, "object_id": "104", "object_repr": "Stats for date2017-07-01", "action_flag": 3, "change_message": ""}}, {"model": "admin.logentry", "pk": 318, "fields": {"action_time": "2017-08-13T22:37:55.644Z", "user": 3, "content_type": 21, "object_id": "103", "object_repr": "Stats for date2017-07-01", "action_flag": 3, "change_message": ""}}, {"model": "admin.logentry", "pk": 319, "fields": {"action_time": "2017-08-13T22:37:55.796Z", "user": 3, "content_type": 21, "object_id": "102", "object_repr": "Stats for date2017-07-01", "action_flag": 3, "change_message": ""}}, {"model": "admin.logentry", "pk": 320, "fields": {"action_time": "2017-08-13T22:37:55.973Z", "user": 3, "content_type": 21, "object_id": "101", "object_repr": "Stats for date2017-07-20", "action_flag": 3, "change_message": ""}}, {"model": "admin.logentry", "pk": 321, "fields": {"action_time": "2017-08-14T04:47:34.302Z", "user": 3, "content_type": 21, "object_id": "513", "object_repr": "Stats for date2017-07-31", "action_flag": 3, "change_message": ""}}, {"model": "admin.logentry", "pk": 322, "fields": {"action_time": "2017-08-14T04:47:34.530Z", "user": 3, "content_type": 21, "object_id": "512", "object_repr": "Stats for date2017-07-30", "action_flag": 3, "change_message": ""}}, {"model": "admin.logentry", "pk": 323, "fields": {"action_time": "2017-08-14T04:47:34.832Z", "user": 3, "content_type": 21, "object_id": "511", "object_repr": "Stats for date2017-07-29", "action_flag": 3, "change_message": ""}}, {"model": "admin.logentry", "pk": 324, "fields": {"action_time": "2017-08-14T04:47:35.135Z", "user": 3, "content_type": 21, "object_id": "510", "object_repr": "Stats for date2017-07-28", "action_flag": 3, "change_message": ""}}, {"model": "admin.logentry", "pk": 325, "fields": {"action_time": "2017-08-14T04:47:35.332Z", "user": 3, "content_type": 21, "object_id": "509", "object_repr": "Stats for date2017-07-27", "action_flag": 3, "change_message": ""}}, {"model": "admin.logentry", "pk": 326, "fields": {"action_time": "2017-08-14T04:47:35.580Z", "user": 3, "content_type": 21, "object_id": "508", "object_repr": "Stats for date2017-07-26", "action_flag": 3, "change_message": ""}}, {"model": "admin.logentry", "pk": 327, "fields": {"action_time": "2017-08-14T04:47:35.702Z", "user": 3, "content_type": 21, "object_id": "507", "object_repr": "Stats for date2017-07-25", "action_flag": 3, "change_message": ""}}, {"model": "admin.logentry", "pk": 328, "fields": {"action_time": "2017-08-14T04:47:35.893Z", "user": 3, "content_type": 21, "object_id": "506", "object_repr": "Stats for date2017-07-24", "action_flag": 3, "change_message": ""}}, {"model": "admin.logentry", "pk": 329, "fields": {"action_time": "2017-08-14T04:47:36.082Z", "user": 3, "content_type": 21, "object_id": "505", "object_repr": "Stats for date2017-07-23", "action_flag": 3, "change_message": ""}}, {"model": "admin.logentry", "pk": 330, "fields": {"action_time": "2017-08-14T04:47:36.286Z", "user": 3, "content_type": 21, "object_id": "504", "object_repr": "Stats for date2017-07-22", "action_flag": 3, "change_message": ""}}, {"model": "admin.logentry", "pk": 331, "fields": {"action_time": "2017-08-14T04:47:36.412Z", "user": 3, "content_type": 21, "object_id": "503", "object_repr": "Stats for date2017-07-21", "action_flag": 3, "change_message": ""}}, {"model": "admin.logentry", "pk": 332, "fields": {"action_time": "2017-08-14T04:51:07.589Z", "user": 3, "content_type": 21, "object_id": "514", "object_repr": "Stats for date2017-07-21", "action_flag": 3, "change_message": ""}}]